3109 5050
271 425 313 488 36
653 437 702 486 nr
723 437 865 486 aarum
888 439 1043 486 nnoauu.

268 580 363 647 factis
388 583 533 667 praemia
557 591 672 647 extent
696 582 765 647 ulla
790 605 849 648 neo
879 582 1037 668 supplicia
1061 582 1211 666 peccatis,
1237 581 1283 646 sio
1313 579 1434 644 mundi

269 683 381 748 divina
396 684 444 768 [in
458 683 619 768 homines]
635 685 816 749 moderatio
834 685 978 770 profecto
993 684 1084 748 nulla
1099 692 1157 762 est,
1172 684 1249 748 siin
1265 705 1303 748 ea
1317 683 1432 747 discri-

270 810 346 852 men
360 788 488 852 nullum
503 796 553 853 est
567 789 724 852 bonorum
741 797 775 853 et
790 788 957 853 malorum.

217 895 255 955 88
334 867 484 955 At‘enim
499 890 625 954 minora
638 891 673 954 di
688 890 867 976 neglegunt
881 913 988 976 neque
1009 891 1129 976 agellos
1149 890 1349 974 singulorum
1369 911 1433 953 nec

269 993 418 1058 viticulas
434 1001 673 1079 persequuntur
687 1015 757 1071 nec,
772 993 801 1058 si
816 994 917 1058 uredo
938 1001 996 1058 aut
1011 994 1133 1079 grando
1151 993 1294 1079 cuipiam
1309 993 1431 1069 nocuit,
1471 1005 1487 1063 5

269 1095 305 1161 id
318 1096 342 1160 J
343 1096 397 1160 ovi
411 1094 733 1161 animadvertendum
748 1094 812 1160 fuit
825 1118 832 1174 ;
855 1119 896 1160 ne
908 1096 943 1161 in
954 1097 1062 1183 regnis
1074 1095 1206 1181 quidam
1217 1118 1308 1182 reges
1320 1095 1431 1159 omnia

188 1193 192 1202 ’
270 1199 407 1264 minima
435 1208 567 1280 curant3
598 1200 643 1264 sic
672 1199 761 1264 enim
791 1191 907 1291 dicitis.
952 1200 1054 1282 Quasi
1078 1223 1136 1286 ego
1162 1201 1259 1285 paulo
1285 1208 1361 1264 ante
1388 1200 1431 1263 de

195 1360 199 1368 .
269 1303 370 1368 fundo
393 1304 564 1368 Formiano
585 1303 621 1368 P.
635 1303 755 1366 Rutilii
777 1303 839 1367 sim
861 1311 1004 1388 questus,
1025 1327 1090 1368 non
1112 1304 1152 1368 dc
1175 1304 1293 1368 amissa
1314 1303 1430 1366 salute.

269 1405 429 1471 XXXVI.
470 1407 581 1490 Atque
596 1405 657 1470 hoc
671 1404 804 1490 quidem
820 1428 932 1470 omnes
947 1406 1099 1471 mortales
1114 1407 1159 1470 sic
1173 1407 1305 1482 habent,
1322 1413 1430 1469 exter-

269 1532 328 1574 nas
342 1509 596 1587 commoditates,
610 1509 731 1586 vineta,
745 1518 881 1595 segetes,
896 1509 1026 1588 oliveta,
1042 1511 1228 1575 ubertatem
1245 1510 1375 1594 frugum
1395 1516 1430 1572 et
1449 1527 1489 1564 10
1551 1531 1552 1542 ¹

268 1613 443 1689 fructuum,
469 1635 598 1677 omnem
635 1613 775 1698 denique
813 1614 1078 1679 commoditatem
1115 1614 1430 1699 prosperitatemque

269 1717 356 1780 vitae
370 1737 391 1779 a
405 1714 455 1778 dis
470 1737 504 1779 se
518 1715 657 1796 habere3
680 1715 836 1784 virtutem
853 1725 965 1781 autem
980 1738 1076 1781 nemo
1091 1739 1247 1802 umquam
1262 1724 1429 1801 acceptam

216 1825 254 1884 87
269 1818 329 1882 deo
345 1818 480 1883 rettulit.
526 1818 693 1883 Nimirum
707 1827 812 1898 recte;
834 1828 966 1905 propter
981 1819 1138 1884 virtutem
1159 1820 1247 1884 enim
1263 1820 1337 1904 jure
1357 1820 1430 1882 lau·

270 1923 386 1987 damur
407 1931 441 1987 et
463 1922 498 1986 in
512 1923 636 1987 virtute
658 1932 745 1988 reete
766 1924 961 2009 gloriamur3
985 1924 1071 2008 quod
1091 1946 1156 1987 non
1176 1924 1384 2008 contingeret,
1400 1924 1430 1988 si

269 2027 304 2093 id
318 2028 440 2092 donum
455 2051 476 2092 a
490 2028 559 2104 deo,
571 2051 636 2092 non
651 2051 672 2093 a
687 2029 779 2093 nobis
795 2029 997 2094 haberemus.
1027 2030 1074 2093 At
1089 2050 1164 2092 vero
1180 2038 1238 2092 aut
1253 2029 1429 2092 honoribus
1448 2054 1485 2113 15

269 2131 359 2196 aucti
372 2140 430 2196 aut
444 2154 479 2198 re
495 2131 656 2208 familiari,
667 2141 726 2196 aut
741 2132 768 2196 si
784 2132 872 2196 aliud
888 2131 1058 2217 quippiam
1073 2133 1160 2196 nacti
1175 2155 1287 2198 sumus
1301 2130 1431 2196 fortuiti
1537 2137 1542 2146 '

269 2235 347 2300 boni
372 2243 430 2301 aut
457 2235 641 2322 depulimus
667 2236 755 2313 mali,
783 2245 855 2300 tum
878 2237 928 2301 dis
950 2236 1071 2322 gratias
1093 2237 1228 2321 agimus,
1250 2245 1322 2300 tum
1344 2235 1431 2300 nihil

268 2346 397 2403 nostrae
418 2338 509 2403 laudi
530 2348 734 2425 assumptum
757 2339 959 2404 arbitramur.
1005 2340 1096 2404 Num
1120 2340 1201 2425 quis,
1219 2339 1305 2425 quod
1324 2339 1431 2404 bonus

269 2441 319 2504 vir
339 2450 431 2520 esset,
445 2441 565 2528 gratias
585 2442 635 2506 dis
657 2443 726 2529 egit
747 2446 927 2527 umquam?
950 2450 984 2506 at
1005 2443 1092 2529 quod
1109 2442 1208 2519 dives,
1223 2443 1308 2528 quod
1330 2443 1431 2506 hono-

268 2554 368 2623 ratus,
389 2546 477 2630 quod
498 2546 679 2612 incolumis.
725 2548 908 2633 lovemque
935 2547 1094 2633 optimum
1119 2556 1152 2619 ct
1177 2547 1356 2611 maximum
1386 2548 1431 2612 ob
1448 2580 1489 2618 20

215 2689 218 2693 -
269 2671 324 2713 eas
346 2671 397 2714 res
423 2649 598 2734 appellant,
625 2673 691 2714 non
713 2651 800 2735 quod
822 2673 881 2715 nos
902 2652 1017 2736 justos
1040 2659 1243 2736 temperatos,
1265 2651 1431 2736 sapientes

216 2759 255 2818 88
268 2752 397 2829 efficiat,
413 2752 469 2816 sed
484 2753 571 2837 quod
590 2754 704 2831 salvos,
717 2754 904 2829 incolumes,
921 2754 1099 2840 opulentos,
1115 2754 1265 2839 copiosos.
1310 2754 1430 2838 Neque

268 2855 404 2921 Herculi
425 2855 597 2941 quisquam
618 2857 789 2929 decumam
811 2858 901 2923 vovit
924 2881 1091 2944 umquam,
1115 2858 1141 2923 si
1165 2858 1293 2943 sapiens
1323 2858 1430 2922 factus

269 2968 361 3025 esset.
405 2959 611 3045 Quamquam
626 2960 826 3045 Pythagoras
841 2984 915 3025 cum
930 2961 966 3025 in
979 2961 1156 3046 geometria
1175 2960 1331 3045 quiddam
1352 2961 1430 3024 novi

267 3063 452 3139 invenisset,
468 3064 572 3127 Musis
585 3064 702 3129 bovem
722 3064 907 3129 immolasse
928 3065 1064 3144 dicitur;
1089 3062 1144 3129 sed
1160 3064 1193 3127 id
1209 3063 1342 3148 quidem
1363 3085 1431 3134 non
1447 3091 1484 3149 ²5

268 3166 371 3242 credo,
386 3166 540 3251 quoniam
555 3166 610 3230 ille
625 3189 666 3230 ne
681 3166 828 3252 Apollini
843 3166 977 3251 quidem
992 3167 1087 3231 Delio
1102 3167 1241 3231 hostiam
1259 3165 1429 3229 immolare

268 3269 380 3349 voluit,
395 3292 436 3334 na
451 3292 540 3334 aram
555 3268 712 3354 sanguine
727 3277 920 3354 aspergeret.
957 3270 1009 3333 Ad
1025 3292 1093 3334 rem
1109 3278 1220 3335 autem
1234 3277 1273 3333 ut
1287 3269 1429 3347 redeam,

269 3374 425 3460 judicium
441 3374 501 3438 hoc
515 3375 662 3439 omnium
677 3374 864 3438 mortalium
879 3383 937 3452 est,
953 3376 1115 3439 fortunam
1130 3398 1150 3438 a
1165 3374 1224 3439 deo
1242 3374 1427 3460 petendam,

269 3499 347 3541 ase
372 3475 442 3561 ipso
471 3476 663 3541 sumendam
689 3498 757 3542 esse
784 3476 985 3561 sapientiam.
1030 3476 1186 3557 Quamvis
1214 3476 1291 3541 licet
1320 3476 1429 3541 Menti

269 3582 405 3646 delubra
426 3587 461 3644 et
475 3579 601 3644 Virtuti
623 3589 656 3644 et
678 3580 772 3645 Fidei
794 3602 1023 3657 consecremus
1045 3588 1155 3643 tamon
1177 3578 1256 3643 haec
1278 3579 1313 3654 iu
1335 3580 1428 3651 nobis
1444 3606 1483 3660 30

269 3684 348 3771 ipsis
370 3684 434 3748 sita
449 3682 613 3763 videmus;
638 3684 724 3769 Spei,
741 3682 873 3759 Salutis,
894 3684 983 3770 Opis,
999 3682 1162 3749 Victoriae
1182 3683 1320 3747 facultas
1340 3706 1360 3747 a
1379 3684 1428 3748 dis

269 3784 452 3871 expetenda
474 3791 531 3848 est.
578 3784 805 3870 improborum
827 3785 928 3871 igitur
954 3783 1181 3869 prosperitates
1204 3784 1428 3870 secundaeque

269 3911 320 3953 res
342 3887 551 3973 redarguunt,
573 3895 611 3949 ut
637 3887 801 3973 Diogenes
827 3888 964 3965 dicebat,
986 3888 1053 3954 vim
1080 3909 1210 3952 omnem
1233 3886 1367 3963 deorum
1381 3876 1428 3951 'aa

321 4100 336 4145 2
352 4100 382 4147 iu
393 4098 503 4148 hominm
514 4114 570 4158 uss,
581 4098 720 4149 bracketed
731 4100 765 4163 by
775 4100 833 4150 edd.
845 4102 913 4151 after
923 4100 1007 4153 Bouh.
1109 4102 1124 4150 5
1140 4102 1252 4163 cuipiam
1263 4101 1304 4150 OB
1315 4101 1359 4150 Or.
1368 4101 1426 4159 Ba..

270 4180 384 4243 quipiam
394 4178 458 4237 A1B,
476 4182 607 4243 quippiam
619 4180 676 4230 A2v
689 4181 747 4231 Oxi.
761 4181 820 4232 Sch.
833 4182 886 4233 Mu.
977 4185 993 4231 8
1009 4184 1042 4231 P.
1053 4184 1150 4231 Rutilii
1161 4184 1209 4231 alm
1222 4181 1245 4230 A
1256 4180 1352 4245 (simin
1363 4185 1427 4244 ras.)
1508 4178 1510 4183 “

271 4260 321 4323 [Ρ],
331 4262 492 4323 protulissem
504 4261 575 4322 OEB,
585 4277 614 4324 p.
623 4265 741 4313 rutilium
751 4263 820 4325 cxc,
830 4280 858 4327 p.
869 4267 945 4314 rutili
956 4267 1003 4314 aim
1013 4264 1094 4314 Bvu.
1172 4267 1188 4316 9
1204 4271 1288 4327 alque,
1300 4266 1374 4326 atqui
1385 4264 1427 4313 13².

271 4344 304 4392 25
320 4345 457 4393 imnmlome
469 4343 513 4392 PV
525 4344 584 4393 Sch.
597 4345 660 4407 Mu,
678 4349 843 4397 immolavisse
855 4347 966 4398 ABOEB
977 4347 1037 4398 ori.
1049 4348 1092 4399 Or.
1104 4348 1153 4397 Bu.
1252 4347 1283 4396 31
1300 4348 1364 4410 ipsis
1375 4348 1428 4396 sita

271 4426 316 4489 Al,
326 4428 377 4489 ipsi
387 4428 439 4475 sila
449 4426 490 4488 Al,
503 4428 566 4490 iptio
576 4430 617 4478 itu
627 4429 759 4480 Boana
772 4429 830 4479 on.
838 4441 871 4485 ÷.
