3109 5050
655 643 1025 722 FRAGMENTA.

372 817 434 877 ux
461 815 593 876 mano
621 816 680 874 uu
707 816 894 875 annuas
922 815 1109 874 unoauu
1138 815 1302 873 nunno,

328 969 356 1033 1.
399 966 545 1032 Laetant
560 965 586 1030 I
584 975 643 1032 ost.
657 965 730 1032 Dio.
746 969 819 1031 113.
839 969 866 1030 2.
899 963 1105 1049 Intelloyebot
1122 962 1229 1030 Cicero
1235 963 1334 1051 soleo
1348 985 1423 1038 osse,

261 1093 342 1156 quoe
370 1071 510 1138 homiues
537 1071 719 1137 adorarent.
764 1069 855 1136 Nom
881 1091 953 1135 oum
975 1068 1079 1134 multo
1105 1068 1244 1147 etiamad,
1271 1091 1352 1154 quoe
1376 1067 1423 1132 od

260 1174 449 1241 eversionem
473 1175 666 1261 reliyiooum
690 1174 840 1252 ualerent,
862 1174 909 1240 ait
932 1183 1038 1240 tumeo
1063 1196 1130 1238 non
1151 1195 1219 1237 esse
1244 1173 1301 1236 illa
1323 1173 1422 1256 vulgo

260 1277 465 1363 disputanda,
501 1300 544 1343 ne
573 1286 737 1364 susceptus
769 1277 898 1363 publice
932 1278 1103 1363 religiones
1137 1278 1314 1364 disputatio
1344 1276 1422 1340 talis

262 1381 457 1467 exstinguat.
1461 1391 1482 1451 5

327 1497 357 1558 2.
400 1494 547 1559 Laetant.
568 1490 649 1561 Iret.
670 1493 741 1560 Dio.
762 1507 791 1558 ΙΙ
816 1498 844 1559 8.
869 1497 918 1560 10.
953 1493 1061 1561 Cicero
1082 1494 1121 1559 de
1146 1502 1267 1558 notura
1289 1492 1423 1558 deorum

262 1595 431 1682 disputans
455 1599 501 1664 eie
524 1599 594 1664 ait:
617 1598 764 1663 Primum
787 1598 889 1684 igitur
909 1619 975 1662 non
998 1606 1047 1662 est
1068 1597 1235 1684 probabile
1257 1618 1326 1660 earn
1352 1615 1422 1657 ma-

262 1700 378 1764 teriam
400 1723 518 1777 rerum,
543 1702 629 1766 unde
653 1711 724 1767 orta
747 1710 825 1766 sunt
852 1701 969 1778 omnia,
994 1723 1062 1766 esse
1084 1700 1196 1764 divina
1217 1699 1423 1785 providentia

263 1805 422 1882 effectam,
446 1804 503 1870 sed
526 1805 646 1870 habere
672 1813 706 1870 et
731 1805 883 1870 habuisse
905 1804 972 1869 vim
995 1812 1029 1869 et
1051 1812 1202 1869 naturam
1228 1825 1327 1868 suam.
1371 1802 1423 1866 Ut

263 1907 365 1993 igitur
386 1908 485 1987 faber,
515 1931 589 1975 cum
619 1908 699 1994 quid
724 1909 954 1974 aedificaturus
977 1917 1036 1986 est,
1058 1931 1123 1972 non
1154 1909 1223 1993 ipse
1252 1908 1331 1971 facit
1352 1929 1422 1971 ma·
1441 1933 1481 1970 10

263 2011 390 2090 teriam,
412 2012 468 2076 sed
488 2035 528 2078 ea
548 2014 663 2090 utitur,
685 2035 768 2099 quae
791 2012 833 2077 sit
856 2021 977 2098 parata,
994 2012 1149 2097 fictorque
1171 2013 1252 2076 item
1274 2033 1355 2088 cera,
1375 2010 1423 2074 sie

265 2115 321 2181 isti
343 2115 563 2200 providentiae
588 2115 718 2180 divinae
746 2115 918 2180 materiam
941 2123 1069 2200 praesto
1095 2137 1163 2180 esse
1184 2115 1335 2199 oportuit,
1356 2135 1424 2177 non

263 2240 362 2304 quam
376 2219 445 2304 ipse
460 2218 588 2296 faceret,
610 2218 666 2283 sed
681 2240 780 2303 quam
795 2218 931 2283 haberet
952 2227 1109 2304 paratam.
1153 2218 1275 2298 Quodsi
1291 2240 1356 2282 nou
1372 2227 1425 2282 est

262 2343 284 2385 a
297 2321 358 2387 deo
372 2322 509 2388 materia
523 2323 616 2399 facta,
630 2345 673 2386 ne
695 2333 782 2388 terra
803 2322 935 2407 quidem
954 2331 988 2386 et
1011 2344 1097 2407 aqua
1116 2330 1151 2386 et
1173 2327 1228 2386 ae‘r
1249 2329 1283 2386 et
1303 2321 1388 2406 ignis
1403 2344 1425 2385 a
1547 2368 1552 2386 .

264 2425 324 2491 deo
338 2427 444 2492 factus
459 2436 516 2491 est.
1443 2457 1479 2516 15
1551 2443 1552 2472 ³

330 2542 358 2604 3.
404 2540 485 2604 Maii
507 2547 585 2604 vett.
609 2540 740 2624 interpr.
760 2537 850 2626 Virg.
874 2562 904 2625 p.
921 2542 961 2603 45
986 2538 1034 2604 ed.
1057 2538 1277 2624 Med....opud
1301 2537 1424 2604 Cicero-

264 2665 335 2709 nem
350 2642 522 2709 daumero
538 2643 671 2709 deorum
685 2642 750 2721 Lu,
763 2644 818 2708 ubi
832 2643 870 2707 de
887 2640 1060 2709 Cleomene
1076 2642 1337 2707 Lacedaemonio.

330 2767 359 2829 4.
404 2765 578 2830 Diomedes
594 2782 607 2828 1
625 2787 655 2849 p.
676 2767 747 2830 313.
770 2768 812 2829 10
833 2764 918 2829 Keil.
964 2764 1072 2830 Cicero
1093 2765 1133 2829 do
1155 2765 1283 2830 deorum
1302 2773 1425 2830 notura

265 2867 356 2934 tertio
367 2892 379 2933 .·
402 2867 550 2933 homines
564 2868 715 2933 omnibus
728 2867 843 2933 bestiis
857 2868 1064 2933 antecedunt.

606 3037 666 3096 EX
694 3038 840 3096 LIBRIS
867 3038 1077 3097 INOERTIS.

331 3154 359 3217 5.
404 3150 492 3217 Serv.
513 3151 558 3217 od
584 3150 676 3236 Very.
691 3151 773 3217 Aeo.
789 3169 831 3216 111
854 3155 925 3217 284.
966 3152 1090 3217 Tollius
1103 3152 1140 3217 io
1155 3152 1234 3219 libro
1250 3152 1289 3218 de
1302 3160 1425 3219 notura
1442 3177 1481 3215 20
1548 3142 1550 3161 ⁴

266 3254 396 3323 ἅθονιιτη
409 3256 474 3321 tria
489 3255 579 3320 milia
593 3277 753 3320 annorum
768 3254 851 3321 diait
866 3278 1023 3340 magnum
1039 3278 1162 3320 annum
1177 3264 1297 3321 tenere.

332 3378 360 3442 6.
406 3375 495 3441 Serv.
510 3376 555 3441 od
580 3376 672 3461 Vero.
692 3376 773 3441 Aeo.
790 3392 833 3439 111
857 3379 929 3441 600.
962 3374 1070 3443 Oioero
1088 3376 1267 3461 spiritabile
1285 3376 1370 3443 elisit
1389 3378 1426 3442 io

266 3478 359 3545 librae
373 3479 412 3545 de
426 3478 557 3545 deorum
571 3488 699 3545 uoturo.

331 3597 361 3667 7.
406 3598 494 3663 Serv.
509 3597 554 3663 od
574 3597 816 3682 Veratianum
835 3601 907 3664 894.
942 3599 1010 3665 Per
1027 3608 1156 3685 portam
1175 3621 1323 3667 corneam
1340 3600 1426 3667 oculi

264 3702 497 3788 siqnifloootur,
512 3700 569 3786 qui
583 3708 612 3765 et
626 3700 734 3766 cornei
748 3710 823 3766 suot
832 3710 861 3767 et
876 3701 1022 3768 duriores
1037 3703 1147 3769 eeteros
1161 3703 1310 3769 mmbrte
1318 3726 1331 3781 ;
1345 3727 1425 3769 uam
1441 3728 1478 3787 ²5
1547 3740 1548 3745 .

264 3807 366 3892 frigus
380 3828 446 3869 uon
460 3804 617 3880 sentiunt,
633 3804 715 3870 acor
736 3805 835 3870 etiam
858 3803 965 3873 Cicero
987 3806 1071 3873 diait
1087 3808 1124 3871 io.
1144 3807 1236 3872 libris
1250 3808 1290 3873 de
1303 3816 1426 3873 notura

265 3911 404 3977 ἀεοναφη.

313 4038 331 4090 l.
342 4037 380 4089 17.
408 4040 463 4096 LT,
475 4051 505 4087 so
516 4036 578 4096 Mei,
587 4036 795 4101 understsnding
806 4038 827 4087 it
838 4040 866 4088 to
877 4053 955 4089 mean
962 4041 1038 4090 Liber
1048 4042 1157 4100 Tertius,
1165 4040 1213 4090 but
1223 4040 1257 4089 he
1269 4039 1292 4089 is
1303 4038 1426 4090 doubtful

264 4119 380 4170 whether
389 4119 411 4170 it
422 4119 516 4169 should
526 4122 573 4169 not
583 4118 616 4169 be
627 4119 689 4169 read
699 4120 736 4169 I'l'
749 4120 889 4186 (totitem).
924 4121 981 4171 Keil
994 4122 1081 4188 (Probe¹
1093 4126 1122 4173 in
1133 4126 1205 4186 Vero.
1217 4126 1282 4174 Bao.
1294 4132 1319 4173 et
1332 4126 1422 4187 Georq.

268 4204 358 4252 corum.
370 4216 396 4264 p.
408 4203 450 4263 95)
462 4201 512 4252 has
523 4216 560 4252 no
570 4200 651 4252 doubt
662 4201 722 4252 that
737 4202 774 4251 Is
789 4202 813 4251 is
828 4201 873 4252 the
890 4205 946 4253 true
960 4203 1074 4266 reading.
1108 4206 1144 4255 As
1154 4204 1176 4255 it
1187 4204 1210 4254 is
1221 4203 1331 4254 diffioult
1341 4208 1370 4254 to
1382 4220 1426 4255 see

265 4282 311 4332 the
327 4282 552 4346 appropriateness
568 4284 597 4333 ot
610 4286 679 4345 item,
697 4283 711 4332 Ι
728 4282 824 4333 should
840 4284 929 4336 rather
944 4285 1092 4349 oonjeoture
1108 4285 1153 4337 the
1169 4286 1289 4337 numeral
1304 4301 1326 4335 11
1342 4302 1372 4335 or
1383 4300 1426 4335 111.
1542 4308 1547 4335 r

266 4365 309 4416 Or.
323 4365 370 4415 Ba.
384 4364 436 4414 and
447 4365 501 4414 Mu.
513 4364 574 4414 read
585 4367 624 4413 ΙΤ
633 4364 742 4414 without
753 4366 863 4416 remark

314 4447 333 4495 l.
345 4448 386 4496 22.
419 4448 571 4509 subdebile,
583 4448 700 4508 spiritale
712 4446 789 4495 Thilo
801 4446 854 4496 and
865 4447 967 4509 Hagen.
