3109 5050
432 387 496 436 nm.
519 385 561 433 111
583 385 656 434 car.
678 385 842 435 xu-xrv
865 371 905 457 ἕξ
929 373 1066 436 31-36.
1291 365 1332 427 13

167 541 210 597 ut
233 533 392 617 voluptas,
415 541 454 597 ut
477 533 575 608 dolor,
598 541 636 598 ut
660 541 775 612 cetera,
799 555 873 598 cum
895 532 1092 618 amplificata
1114 539 1199 608 sunt,
1221 529 1333 593 interi-

168 645 285 715 munt;
307 658 368 700 nec
387 636 494 700 ullum
513 636 635 701 animal
655 645 705 701 est
725 637 795 702 sine
815 659 911 702 sensu
922 661 930 716 ;
952 637 1078 700 nullum
1093 635 1195 720 igitur
1212 632 1334 698 animal

167 746 342 802 aeternum
358 747 416 803 est.
455 739 545 803 XIV.
582 739 716 804 Etenim
730 748 789 803 aut
805 740 941 823 simplex
958 748 1008 803 est
1019 747 1135 803 natura
1150 736 1334 812 animantis,

167 851 209 906 ut
222 843 275 907 vel
290 851 420 907 terrena
435 845 478 907 sit
494 845 546 908 vel
568 844 664 929 ignea
683 846 735 909 vel
756 845 906 908 animalis
928 846 978 908 vel
997 843 1108 908 umida
1123 841 1223 928 (quod
1238 839 1333 926 quale

129 946 223 1026 5sit,
247 969 289 1011 ne
320 947 471 1032 intellegi
500 948 630 1033 quidem
658 949 789 1034 potest),
814 957 871 1013 aut
900 957 1086 1013 concretum
1117 969 1157 1012 ex
1186 945 1334 1030 pluribus

171 1052 308 1129 naturiS,
329 1073 467 1136 quarum
489 1074 586 1115 suum
609 1074 757 1138 quaeque
778 1053 884 1116 locum
906 1052 1121 1135 habeatque
1143 1058 1279 1113 naturae
1301 1047 1335 1110 vi

170 1157 306 1230 feratur,
328 1154 394 1218 alia
416 1153 577 1231 infimum,
601 1155 666 1218 alia
688 1177 861 1230 summurn,
887 1154 954 1218 alia
979 1153 1133 1218 medium.
1177 1151 1268 1215 Haec
1294 1150 1335 1214 ad

172 1258 338 1343 quoddam
353 1267 484 1343 tempus
504 1258 672 1324 cohaerere
692 1268 836 1344 possunt,
857 1281 985 1344 semper
1003 1265 1115 1322 autem
1135 1253 1335 1320 nullomodo

172 1371 329 1447 possunt;
360 1384 489 1426 necesse
520 1372 570 1427 est
599 1365 687 1427 enim
718 1365 753 1428 in
783 1387 880 1427 suum
903 1384 1052 1448 quaeque
1082 1362 1188 1425 locum
1218 1367 1337 1424 natura

112 1487 154 1526 10
173 1467 327 1552 rapiatur.
372 1466 511 1530 Nullum
528 1467 629 1552 igitur
642 1468 764 1531 animal
779 1477 829 1532 est
844 1467 1087 1552 sempiternum.

242 1569 306 1636 Sed
333 1571 444 1635 omnia
468 1571 578 1649 vestri,
603 1573 714 1650 Balbe,
745 1573 852 1637 solent
881 1573 923 1636 ad
953 1572 1085 1659 igneam
1114 1571 1180 1635 vim
1210 1569 1335 1645 referre,
1350 1575 1388 1634 35

172 1675 390 1751 Heraclitum,
404 1683 445 1738 ut
459 1675 581 1760 opinor,
596 1685 779 1760 sequentes
795 1699 892 1762 quem
907 1676 1015 1762 ipsum
1031 1699 1096 1740 non
1111 1697 1222 1739 omnes
1237 1674 1336 1738 inter-

173 1785 348 1862 pretantur
362 1800 427 1841 uno
442 1777 557 1858 modo;
581 1779 637 1862 qui
653 1779 808 1863 quoniam
824 1779 902 1864 quid
917 1779 1040 1843 diceret
1059 1777 1207 1863 intellegi
1222 1777 1336 1853 noluit,

173 1879 364 1944 omittamus
376 1903 383 1951 ;
396 1901 453 1943 vos
467 1888 579 1944 autem
595 1881 642 1943 ita
656 1879 773 1956 dicitis,
789 1903 918 1945 omnem
933 1881 1001 1944 vim
1012 1903 1080 1945 esse
1092 1881 1212 1966 ignem,
1223 1880 1336 1964 itaque

117 2003 155 2063 15
173 1992 209 2048 et
238 1984 429 2065 animantes,
455 2006 529 2047 cum
559 1984 644 2048 calor
673 1985 836 2062 defecerit,
861 1993 935 2050 tum
958 1984 1100 2060 interire,
1126 1983 1220 2048 etin
1247 1982 1336 2046 omni

172 2095 294 2151 natura
316 2108 425 2150 rerum
451 2087 485 2150 id
512 2087 629 2164 vivere,
655 2087 690 2152 id
716 2087 835 2174 vigere,
859 2087 946 2172 quod
970 2088 1082 2151 caleat.
1129 2086 1198 2168 Ego
1224 2092 1335 2148 autem

173 2214 241 2255 non
255 2193 421 2277 intellego,
436 2215 500 2278 quo
515 2192 611 2256 modo
626 2194 731 2256 calore
752 2193 913 2257 exstincto
933 2213 1064 2276 corpora
1083 2190 1258 2263 intereant,
1272 2209 1336 2250 non

173 2295 340 2360 intereant
359 2318 472 2360 umore
495 2306 554 2360 aut
574 2297 692 2381 spiritu
715 2297 843 2373 amisse,
864 2295 1053 2381 praesertim
1077 2316 1152 2358 cum
1174 2293 1338 2356 intereant

175 2398 279 2462 etiam
294 2398 396 2462 nimio
411 2399 523 2464 calore.
569 2399 677 2478 Quam
693 2399 734 2462 ob
749 2421 819 2462 rem
841 2398 875 2462 id
895 2398 1027 2482 quidem
1046 2417 1217 2460 commune
1232 2401 1282 2458 est
1296 2393 1336 2457 de
1351 2395 1389 2453 36

119 2527 160 2565 20
175 2501 299 2581 calid03
329 2524 443 2568 verum
472 2510 585 2568 tamen
609 2502 779 2567 videamus
804 2501 938 2567 exitum.
995 2501 1049 2566 lta
1077 2499 1187 2577 vultis,
1216 2497 1339 2584 opinor,

176 2605 261 2668 nihil
282 2627 350 2669 esse
369 2606 508 2670 animale
529 2605 728 2670 extrinsecus
750 2605 785 2668 in
808 2613 926 2669 natura
947 2613 1046 2690 atque
1067 2604 1189 2669 mundo
1209 2613 1339 2689 praeter

175 2710 296 2795 ignem.
342 2710 406 2789 Qui
433 2710 538 2796 magis
562 2732 661 2796 quam
688 2718 816 2796 praeter
839 2710 989 2786 animam,
1012 2710 1099 2773 unde
1121 2709 1337 2775 animantium

176 2834 306 2897 quoque
336 2820 464 2876 constet
492 2811 630 2889 animuS,
656 2834 696 2877 ex
720 2835 785 2897 quo
811 2811 934 2876 animal
960 2812 1101 2877 dicitur?
1145 2813 1217 2892 Quo
1243 2811 1338 2877 modo

176 2926 289 2981 autem
311 2917 380 2993 hoc,
403 2916 495 3002 quasi
518 2916 720 2993 concedatur,
743 2916 882 2994 sumitis
906 2916 990 2979 nihil
1012 2939 1080 2981 esse
1107 2917 1252 2981 animum
1275 2916 1339 2981 nisi

122 3043 160 3103 ²5
177 3021 311 3106 ignem?
332 3021 532 3106 probabilius
548 3020 635 3084 enim
650 3021 779 3085 videtur
793 3021 858 3086 tale
873 3020 1030 3106 quiddam
1046 3044 1115 3087 esse
1130 3022 1285 3100 animum,
1299 3031 1338 3085 ut

177 3125 221 3187 sit
236 3147 277 3189 ex
292 3125 361 3210 igni
375 3133 475 3210 atque
489 3125 600 3189 anima
614 3133 841 3209 temperatum.
888 3126 1012 3218 Quodsi
1027 3126 1112 3213 ignis
1127 3149 1167 3191 ex
1182 3148 1250 3191 sese
1269 3127 1337 3212 ipse

177 3231 300 3295 animal
323 3239 373 3295 est
395 3230 487 3293 nulla
508 3252 542 3294 se
566 3230 632 3294 alia
653 3230 853 3294 admiscente
876 3238 1004 3311 natura,
1027 3230 1183 3316 quoniam
1205 3230 1240 3308 ie,
1263 3254 1337 3295 cum

229 3486 244 3535 1
261 3487 410 3535 interimunt
422 3484 561 3549 [ABcvp.
573 3486 722 3535 interimant
737 3490 804 3535 UOR
815 3486 884 3547 Oxl,
899 3487 1025 3535 intereunt
1036 3485 1127 3535 nPro.
1227 3486 1242 3533 3
1259 3488 1337 3535 aoth

177 3569 208 3617 in
219 3582 272 3617 ras.
284 3568 401 3631 B[BOE],
413 3574 442 3616 at
454 3568 498 3616 PV
510 3566 568 3616 oxf.
580 3572 610 3618 ll.
722 3569 737 3616 5
755 3575 895 3617 concretum
906 3582 955 3617 uss
965 3567 1097 3629 generally
1109 3568 1161 3628 On,
1175 3576 1289 3617 ccrwretu
1300 3577 1337 3618 est

179 3652 225 3700 GR
235 3648 342 3710 Heind,
355 3655 470 3698 corwreta
481 3648 530 3697 Ba.
541 3647 597 3696 Mu.
609 3648 675 3697 after
686 3648 760 3709 Dav,
774 3656 915 3698 cumrerum
926 3657 962 3697 est
975 3648 1034 3699 Sch.
1136 3652 1151 3700 7
1163 3650 1266 3712 seratur
1276 3649 1333 3701 edd.

178 3735 247 3783 alter
256 3732 358 3793 Lamb,
370 3733 489 3794 efferatur
500 3745 549 3779 uss
560 3730 701 3793 generally.
803 3733 834 3779 12
851 3746 901 3780 non
912 3718 1097 3781 ornnes-modo
1108 3745 1166 3793 uss,
1177 3730 1206 3779 ln
1218 3731 1337 3781 brackets

178 3816 227 3865 Ba.
241 3813 362 3879 (perhaps
372 3812 489 3875 rightly),
502 3828 552 3862 aon
563 3815 630 3861 enim
640 3816 825 3863 omme—rwdo
837 3814 947 3863 Vahlen.
1058 3815 1089 3861 13
1107 3816 1151 3875 qai
1163 3814 1186 3863 V
1197 3814 1337 3877 (doubtful)

179 3898 256 3947 Gerr
268 3896 326 3945 Oxf.
338 3896 407 3954 Aac„
419 3909 470 3945 om.
484 3894 639 3944 ABOEPBH
653 3896 700 3946 Ba.
800 3898 895 3945 diceret
911 3897 1026 3957 intellegi
1038 3894 1094 3944 Oxi.
1107 3900 1142 3955 ll,
1162 3897 1256 3945 diceret
1272 3898 1338 3959 quod

179 3979 295 4039 intellegi
306 3976 369 4026 xro
381 3977 457 4038 (quod
467 3975 557 4024 erased
568 3975 596 4023 in
608 3976 650 4040 V).
751 3977 783 4024 14
800 3979 882 4038 ignem
894 3991 941 4025 uss
952 3976 1093 4038 generally,
1104 3978 1204 4037 igneam
1214 3982 1232 4025 1.
1241 3976 1337 4026 Heind.

180 4060 225 4109 Or.
334 4058 366 4105 21
382 4058 458 4113 nihil,
470 4058 568 4105 nullum
578 4056 642 4105 Bed.
738 4059 850 4107 animale
866 4057 958 4106 Lamb.
971 4058 1014 4107 Or.
1026 4056 1083 4113 Ba,
1100 4058 1198 4105 animal
1210 4057 1269 4108 Sch.
1282 4058 1335 4110 Mu.

181 4137 654 4201 uss,exc.animaliUr1.o,animum
668 4137 780 4189 Wallrer.
880 4141 1033 4188 ertriruoeur
1050 4152 1106 4200 uss,
1125 4141 1275 4192 intrinsecus
1292 4140 1335 4192 Or.

181 4222 235 4273 Mu.
244 4222 291 4271 Ba.
306 4218 366 4270 Sch.
377 4218 445 4268 alter
455 4216 550 4276 Bouh.‚
562 4226 586 4267 et
597 4220 707 4269 senticae
718 4218 801 4281 Wytt.
899 4221 931 4267 23
947 4221 1044 4269 animal
1055 4218 1111 4269 edd.
1121 4220 1187 4271 alter
1196 4221 1338 4283 Lescalop.,

181 4308 268 4354 auiam
279 4316 329 4351 uss
339 4297 477 4364 generally,
488 4302 573 4350 omnio
583 4300 615 4353 Ε.
716 4302 748 4350 24
766 4303 820 4363 hoc,
834 4300 867 4365 by
878 4316 941 4352 corr.
952 4302 982 4353 fr.
998 4303 1029 4351 ho
1040 4302 1093 4353 AV.
1194 4305 1226 4355 27
1243 4305 1340 4353 animal

182 4387 216 4449 by
227 4400 293 4435 corr.
305 4383 337 4432 fr.
349 4384 436 4432 artiora
446 4382 476 4431 B.
