3109 5050
267 405 311 474 to
652 420 699 474 ar
721 421 865 475 urruns
886 420 1041 474 arcuum

337 571 510 642 percutias
528 569 696 642 pavidum,
712 573 881 642 postremo
899 587 917 626 a
935 587 1033 642 parco
1054 573 1149 642 patre

336 656 426 728 quod
443 674 564 728 sumas,
584 660 713 728 quanto
731 656 877 730 dissipes
895 657 1078 714 libentius!

266 795 426 963 geniique
440 797 569 864 facilem
583 805 620 863 et
633 796 801 864 liberalem
816 807 944 885 patrem
962 796 1202 895 incommodum
1218 818 1287 862 esse
1302 797 1434 868 amanti

304 897 334 964 'o
370 899 503 985 isputat,

337 1054 434 1108 quem
453 1053 559 1108 neque
580 1053 646 1106 quo
664 1040 764 1108 paeto
785 1036 901 1092 fallam
921 1053 1027 1108 neque
1046 1040 1084 1092 ut
1102 1037 1178 1092 inde
1199 1037 1356 1106 auferam,
1472 1047 1491 1106 5

338 1141 397 1179 nec
416 1141 513 1194 quam
533 1123 645 1178 dolum
665 1123 706 1178 ad
726 1141 800 1180 eum
819 1127 877 1179 aut
897 1124 1084 1180 machinam
1105 1124 1302 1193 commoliar,

337 1213 407 1268 scio
426 1213 623 1282 quicquam3
649 1211 700 1266 ita
720 1229 834 1267 omnes
853 1229 942 1268 meos
961 1212 1061 1282 dolos,
1081 1212 1242 1280 fallacias
1346 1281 1347 1286 ἵ

338 1294 560 1367 praestrigias
578 1295 803 1366 praestrinxit
822 1294 1042 1352 commoditas
1060 1295 1175 1366 patris

268 1435 356 1516 Quid
377 1438 476 1521 ergol
497 1433 554 1499 isti
567 1433 644 1512 doli,
660 1433 764 1520 quidl
787 1433 966 1513 machinae,
981 1434 1084 1520 quidl
1106 1434 1251 1500 fallaciae
1273 1435 1431 1520 praestri-

265 1540 413 1628 giaeque,
446 1561 526 1603 num
554 1540 626 1606 sine
654 1539 781 1605 ratione
810 1562 880 1606 esse
905 1545 1107 1626 potamum
1163 1541 1193 1607 Ο
1223 1541 1429 1628 praeclarum
1448 1564 1490 1602 10

266 1663 386 1708 munus
401 1643 553 1710 deoruml
576 1651 615 1708 ut
629 1643 782 1709 Phormio
796 1643 897 1730 possit
912 1643 1033 1710 dicere:
1134 1659 1137 1664 '

302 1797 391 1856 (ledo
401 1814 531 1865 seuem;
545 1795 615 1868 jam
626 1796 800 1853 instructa
811 1800 892 1853 sunt
902 1797 947 1853 mi
959 1795 1102 1852 incord'e
1114 1795 1257 1851 consilia
1268 1795 1387 1852 omnia.

214 1938 255 1998 24
267 1937 374 2002 XXX.
411 1935 477 2002 Sed
492 1957 645 2001 exeamus
659 1957 678 2000 e
693 1935 831 2012 theatro,
848 1935 1017 2001 veniamus
1037 1935 1072 1999 in
1093 1935 1206 1999 forum.
1251 1933 1382 1999 Sessum
1399 1931 1431 1998 it

267 2049 404 2129 praetor.
441 2039 528 2120 Quid
543 2046 581 2103 ut
591 2039 780 2125 judicetur?
817 2039 881 2120 Qui
898 2037 1096 2104 tabularium
1111 2037 1298 2103 incenderit.
1333 2035 1430 2117 Quod

268 2144 392 2210 lacinus
409 2143 588 2208 occultius?
632 2143 678 2209 Id
692 2165 726 2208 se
742 2143 780 2223 Q.
799 2141 921 2221 Sosius,
936 2143 1125 2229 splendidus
1146 2166 1245 2229 eques
1259 2141 1430 2208 Romanus
1450 2164 1486 2224 15

267 2271 309 2314 ex
323 2269 400 2334 agro
414 2246 542 2324 Piceno,
555 2245 668 2311 secisse
683 2247 848 2312 consessus
863 2255 922 2314 est.
952 2245 1018 2328 Qui
1032 2245 1284 2331 transscripserit
1298 2245 1431 2311 tabulas

268 2353 423 2441 publicas.
474 2351 515 2417 Id
537 2374 666 2438 quoque
689 2353 724 2419 L.
746 2353 872 2419 Alenus
894 2354 980 2432 fecit,
1002 2377 1077 2420 cum
1099 2353 1348 2440 chirographum
1371 2376 1431 2419 sex

268 2457 445 2544 primorum
471 2455 620 2521 imitatus
645 2465 703 2523 est
747 2455 836 2538 Quid
863 2457 923 2523 hoc
954 2447 1085 2523 homine
1114 2457 1297 2527 sollertius?
1343 2459 1430 2545 Cog-

268 2560 679 2646 noscealiasquaestiones,
687 2562 759 2627 auri
770 2562 945 2640 Tolossani,
957 2562 1187 2649 conjurationis
1195 2562 1428 2648 Jugurthinae.
1470 2634 1473 2638 ,

267 2669 394 2755 Repete
411 2667 586 2753 superiora,
599 2666 722 2732 Tubuli
736 2667 777 2732 de
793 2668 931 2754 pecunia
949 2677 1044 2754 capta
1058 2669 1100 2734 ob
1114 2690 1183 2733 rem
1199 2667 1410 2753 judicandam
1422 2691 1431 2747 ;
1448 2691 1488 2729 20

268 2771 453 2858 posteriora,
468 2771 508 2835 de
522 2770 649 2835 incestu
665 2770 833 2856 rogatione
848 2770 1023 2838 Peducaea
1063 2772 1148 2837 Tum
1162 2771 1243 2836 haec
1257 2771 1430 2849 cotidiana,

268 2874 360 2954 sicae,
376 2895 510 2953 venena,
526 2874 702 2959 peculatus,
718 2881 991 2940 testamentorum
1007 2873 1107 2939 etiam
1127 2874 1199 2961 lege
1217 2895 1300 2938 nova
1314 2895 1430 2958 quaes-

268 2979 382 3045 tiones.
427 2976 510 3043 Inde
536 2978 593 3043 illa
617 2977 724 3043 actio:
753 2995 820 3044 orn
845 2994 1076 3053 cassiniacus
1102 2993 1170 3043 ruo
1196 2993 1343 3042 runruu
1368 2994 1430 3043 uro

269 3101 410 3151 sacrun
432 3099 530 3163 rssn3
554 3082 632 3148 inde
651 3091 703 3148 tot
719 3082 845 3168 judicia
862 3082 903 3148 de
922 3081 988 3148 fide
1008 3082 1103 3161 mala,
1124 3082 1257 3160 tutelae,
1274 3082 1430 3161 mandati,

318 3271 335 3319 2
351 3270 456 3332 &cape
468 3266 572 3330 GRH,
591 3269 695 3332 dissipis
710 3267 819 3330 ABPv1,
840 3268 949 3331 dissipas
961 3266 995 3317 Ψ
1006 3266 1064 3319 Oxi.
1073 3265 1161 3321 ÷Sch.
1279 3267 1294 3316 6
1311 3281 1391 3331 aeque
1402 3275 1431 3317 at

268 3351 329 3401 inde
339 3348 440 3399 Buslid.
453 3347 513 3399 Sch.
527 3348 570 3398 Or.
579 3348 635 3410 Ba,
649 3364 727 3412 aeqeee
738 3350 804 3398 cade
815 3348 964 3410 AOEPB÷,
982 3363 1062 3411 raeque
1074 3349 1143 3398 dede
1155 3346 1196 3409 Vl,
1209 3362 1240 3397 ae
1252 3348 1315 3410 qaid
1326 3348 1386 3398 iude
1397 3348 1427 3411 B,

269 3446 348 3495 rupae
361 3432 424 3494 quid
434 3432 494 3480 inde
504 3429 538 3481 Vl
549 3429 608 3481 0¹1.
619 3434 667 3490 aa,
684 3446 729 3482 uec
740 3432 805 3494 qaid
815 3432 874 3481 iude
885 3435 908 3481 V
918 3431 973 3480 Mu.
987 3430 1053 3496 (who
1064 3430 1145 3481 refers
1156 3431 1184 3480 to
1195 3428 1238 3479 his
1253 3431 1324 3481 Pras.
1340 3431 1430 3481 Plaat.

269 3526 296 3575 p.
316 3512 374 3576 351)
391 3509 505 3560 Ribbeck
526 3513 603 3574 stop.
621 3525 648 3573 p.
667 3510 710 3563 ὅθ’
732 3510 801 3576 (who
820 3512 986 3574 emoneonsly
1005 3512 1070 3561 cites
1090 3510 1150 3562 Soh.
1170 3511 1211 3560 lor
1229 3509 1284 3561 this
1302 3510 1430 3575 reading).

269 3596 286 3644 8
309 3594 479 3657 praeatrtptue
503 3591 561 3642 Scin
587 3592 641 3643 Mu.
666 3590 781 3641 Ribbeck
804 3591 856 3657 (see
878 3595 942 3641 next
964 3591 1035 3653 line),
1062 3593 1218 3655 pracatipias
1243 3605 1294 3640 uss
1316 3592 1358 3643 Or.
1382 3592 1432 3643 Ba.

270 3679 285 3728 9
299 3676 516 3739 processuque
528 3673 559 3734 V,
574 3675 780 3737 fflwedqiceqae
798 3674 873 3724 other
889 3689 939 3724 uss
957 3675 999 3726 Or.
1019 3674 1066 3726 Ba.
1194 3673 1226 3721 12
1242 3675 1302 3723 cedo
1319 3674 1432 3738 [BOEP]

270 3756 338 3818 011,
352 3757 427 3805 caedo
439 3754 491 3806 AV.
592 3757 627 3804 mi
638 3756 668 3804 ia
679 3754 729 3817 [0],
744 3756 848 3805 militia
860 3754 983 3804 ABEPV.
1083 3756 1114 3803 13
1131 3756 1153 3804 it
1166 3762 1273 3818 praetor
1282 3755 1376 3805 Lamb.
1389 3756 1433 3820 (ex

270 3838 332 3889 cod.
351 3835 530 3899 Memmiano),
548 3837 584 3885 ite
596 3850 704 3900 praecor
720 3835 771 3894 AG,
788 3838 823 3885 tte
839 3850 925 3899 precor
940 3835 1008 3885 BPV
1025 3836 1125 3898 Oxl.†,
1145 3837 1185 3886 ita
1198 3850 1287 3899 precor
1302 3836 1354 3897 BL,
1371 3839 1434 3889 item

266 3936 355 3985 precor
370 3923 398 3969 B.
509 3918 540 3967 15
556 3918 621 3966 idue
638 3915 698 3967 Soh.
710 3916 758 3967 Ba.
770 3917 825 3965 Mu.
843 3917 910 3967 aiter
926 3917 991 3967 Dav.
1010 3916 1052 3983 (cf.
1069 3919 1147 3981 idque
1161 3916 1244 3967 below
1259 3920 1274 3979 5
1290 3916 1341 3985 83),
1361 3922 1396 3969 ad
1406 3936 1433 3971 ee

270 4003 342 4055 AEV
353 4003 410 4053 Oxi.
424 4005 486 4059 B÷‚
502 4007 531 4049 ct
547 4014 573 4049 ae
588 3998 653 4048 1301>
670 3998 724 4057 Or.,
741 4006 770 4048 ct
787 4000 816 4047 id
831 4014 856 4048 ae
875 3998 981 4049 Sohiitn.
1081 4000 1110 4060 Q.
1133 4000 1219 4049 Sosiae
1236 3998 1308 4063 [oP],
1328 4003 1433 4065 quintae

271 4090 358 4139 Sotira
375 4084 495 4135 ABEVB.
603 4084 634 4135 17
651 4083 682 4134 L.
701 4084 795 4133 rilem
815 4082 935 4146 [ABEP]‚
955 4083 1051 4133 lateam
1068 4081 1116 4140 CB,
1135 4083 1153 4131 l.
1170 4083 1259 4131 aienses
1271 4080 1294 4131 V
1306 4083 1364 4133 Oxi.
1376 4088 1429 4137 Hc.

271 4172 304 4219 22
319 4172 396 4227 abac,
407 4170 461 4217 sica
472 4166 503 4218 B.
607 4180 702 4215 aeaeae
712 4179 761 4215 uss
772 4165 911 4228 generally,
923 4164 1015 4214 Forch.
1027 4179 1053 4227 p.
1066 4165 1106 4223 24,
1118 4166 1207 4215 veueui
1219 4169 1237 4214 (t
1248 4164 1310 4228 Bag.
1323 4165 1433 4216 Moser's

271 4252 293 4303 0
305 4250 361 4301 edd.
373 4251 439 4299 aiter
450 4249 525 4310 Dav,
540 4262 582 4297 see
593 4247 692 4298 Gomm.
805 4247 836 4295 24
855 4248 1029 4296 mutauere
1041 4251 1088 4308 130,
1106 4248 1175 4296 atala
1190 4247 1267 4295 tutele
1279 4245 1307 4305 (i,
1318 4250 1388 4297 mota
1402 4256 1433 4297 at

270 4334 335 4385 utile
349 4331 402 4390 Pv,
413 4334 482 4381 atala
497 4338 534 4381 tet
543 4331 620 4380 utiles
631 4329 664 4391 Ε,
677 4330 747 4378 mala
762 4336 814 4379 tam
824 4330 900 4379 utiles
912 4328 982 4387 Oxi,
993 4344 1026 4377 m.
1039 4335 1090 4377 tam
1101 4329 1164 4377 utile
1175 4331 1210 4389 H,
1229 4342 1261 4376 m.
1273 4333 1326 4377 tum
1337 4331 1432 4380 tutelae

270 4420 301 4473 a,
312 4414 392 4478 fidem
407 4414 493 4462 clatet
503 4413 566 4460 utile
577 4411 607 4471 Δ,
626 4412 710 4460 allata
722 4412 815 4460 tutelae
826 4408 857 4459 B.
