3109 5050
270 395 314 468 31
539 411 546 418 ’
655 416 703 466 nn
725 410 868 468 urruns
890 415 1045 470 unorum

269 571 367 632 ruml
411 565 500 630 Nam
523 565 721 652 patrimonia
745 587 804 652 spe
833 565 916 632 bene
944 566 1094 632 tradendi
1121 565 1345 654 relinquimus,
1368 593 1440 655 qua

269 692 440 758 possumus
462 670 549 750 lalli3
570 669 651 735 deus
673 669 743 734 salli
765 671 824 756 qui
845 671 977 756 potuitl
1021 672 1076 736 An
1098 681 1137 738 ut
1160 672 1225 751 Sol,
1243 674 1278 737 in
1300 696 1438 738 currum

269 799 345 841 cum
367 775 606 841 Phaethontem
627 773 734 839 filium
753 775 897 853 sustulit,
913 783 971 840 sut
992 776 1177 862 Neptunus,
1192 799 1266 842 cum
1286 779 1438 844 Theseus

270 878 491 965 Hippolytum
510 876 662 964 perdidit,
676 899 751 942 cum
766 886 818 942 ter
837 878 972 964 optandi
991 901 1012 943 a
1034 879 1192 966 Neptuno
1213 889 1305 967 patre
1327 881 1436 947 habu·
1549 937 1550 944 ,

217 994 256 1053 77
269 983 348 1051 isset
368 987 590 1070 potestatem?
634 982 810 1048 Poetarum
832 983 897 1048 ista
918 992 1006 1064 sunt,
1029 1007 1088 1050 nos
1110 995 1221 1050 autem
1247 986 1436 1073 philosophi
1474 1005 1490 1065 5

270 1111 339 1154 esse
353 1089 512 1166 volumus,
526 1109 635 1154 rerum
654 1097 811 1165 auctores,
826 1110 891 1154 non
906 1088 1099 1155 fabularum.
1143 1090 1253 1176 Atque
1268 1091 1304 1155 hi
1318 1100 1435 1157 tamen

269 1193 332 1279 ipsi
354 1193 389 1258 di
409 1192 529 1280 poetici
551 1192 579 1257 si
601 1191 736 1257 scissent
757 1192 937 1278 perniciosa
957 1194 1025 1259 fore
1046 1193 1104 1259 illa
1124 1194 1209 1274 filiis,
1226 1218 1373 1281 peccasse
1396 1196 1434 1261 in
1549 1207 1550 1222 *

269 1299 426 1365 beneficio
457 1305 659 1384 putarentur.
710 1297 762 1377 Ut,
792 1299 820 1364 si
850 1321 963 1365 varum
992 1308 1051 1377 est,
1078 1300 1165 1386 quod
1189 1301 1300 1366 Aristo
1326 1301 1432 1367 Chius

269 1401 376 1467 dicere
390 1401 524 1477 solebat,
539 1422 653 1465 nocere
668 1399 878 1467 audientibus
892 1402 1099 1488 philosophos
1114 1403 1162 1481 iis,
1173 1403 1231 1489 qui
1245 1404 1328 1469 bane
1342 1404 1433 1470 dicta
1525 1439 1527 1442 ·

270 1507 354 1572 male
371 1507 798 1592 interpretarentur-posse
818 1506 907 1571 enim
928 1515 1033 1573 asotos
1052 1529 1092 1571 ex
1112 1507 1283 1595 Aristippi,
1298 1510 1431 1576 acerbos
1451 1533 1489 1571 10
1549 1528 1550 1532 ¹

269 1632 288 1674 e
303 1609 442 1675 Zenonis
457 1609 565 1676 schola
579 1608 720 1687 exirs-,
735 1631 875 1695 prorsus,
887 1610 923 1690 si,
934 1611 992 1696 qui
1006 1610 1188 1691 audierunt,
1199 1612 1307 1678 vitiosi
1321 1619 1431 1678 essent

269 1713 447 1789 discessuri,
461 1713 547 1798 quod
559 1735 709 1799 perverse
723 1712 991 1800 philosophorum
1006 1714 1260 1802 disputationem
1271 1716 1431 1802 interpre-

269 1825 426 1896 tarentur,
447 1825 553 1882 tacere
576 1823 755 1902 praestaret
772 1816 979 1902 philosophos
1002 1840 1101 1904 quam
1120 1818 1171 1900 iis,
1189 1819 1248 1905 qui
1268 1842 1302 1884 se
1321 1819 1431 1884 audis-

218 1938 256 1998 ?ss
270 1929 352 2000 sent,
381 1943 514 2002 nocere;
545 1921 600 2000 sic,
629 1922 658 1987 si
686 1921 836 1987 homines
866 1922 1025 1988 rationem
1055 1923 1139 1988 bono
1169 1922 1301 1988 consilio
1330 1945 1350 1987 a
1378 1922 1431 1987 dis
1549 1969 1550 2016 3

269 2025 508 2092 immortalibus
529 2024 641 2089 datam
663 2025 699 2088 in
721 2023 869 2090 fraudem
892 2025 1118 2112 malitiamque
1140 2035 1340 2104 convertunt,
1362 2049 1430 2092 non
1448 2049 1485 2108 15
1549 2041 1550 2100 l

270 2127 341 2193 dari
362 2127 452 2192 illam
467 2149 567 2213 quam
582 2126 652 2191 dari
667 2126 812 2192 humano
826 2127 939 2212 generi
954 2127 1071 2192 melius
1085 2127 1156 2193 fuit
1202 2129 1261 2207 Ut,
1276 2130 1304 2195 si
1325 2130 1430 2194 medi·
1549 2136 1550 2142 ’

269 2254 326 2298 cus
341 2233 421 2297 sciat
436 2254 512 2298 eum
529 2240 709 2318 aegrotum,
723 2233 782 2317 qui
799 2232 912 2318 jussus
927 2233 971 2298 sit
985 2233 1099 2298 vinum
1119 2256 1256 2312 sumere,
1270 2235 1430 2300 meracius

269 2343 478 2420 sumpturum
493 2334 671 2420 statimque
685 2336 878 2421 periturum,
890 2359 1009 2422 magna
1020 2337 1063 2401 sit
1077 2337 1112 2401 in
1127 2337 1223 2423 culpa
1231 2362 1239 2418 ;
1262 2337 1306 2403 sic
1321 2347 1431 2404 vestra

269 2439 333 2505 ista
353 2438 556 2524 providentia
574 2439 851 2525 reprehendenda,
866 2463 950 2528 quae
967 2441 1128 2507 rationem
1143 2443 1269 2508 dederit
1282 2442 1331 2522 iis,
1347 2466 1431 2531 quos
1549 2475 1550 2516 r

270 2543 379 2609 scierit
400 2566 439 2609 ea
460 2566 608 2630 perverse
630 2553 665 2609 ct
686 2544 833 2631 improbe
856 2567 979 2611 usuros.
1025 2544 1099 2611 Nisi
1120 2546 1202 2612 forte
1225 2547 1331 2613 dicitis
1355 2571 1430 2613 eam
1447 2567 1486 2606 20
1549 2536 1550 2585 l

270 2646 415 2713 nescisse.
459 2646 597 2712 Utinam
634 2646 786 2732 quidem!
830 2646 896 2713 Sed
926 2670 991 2713 non
1020 2648 1192 2715 audebitis.
1236 2648 1311 2715 Non
1339 2652 1429 2718 enim

269 2750 389 2837 ignoro,
405 2752 521 2837 quanti
535 2752 607 2838 ejus
621 2774 740 2817 nomen
754 2752 887 2837 putetis.

217 2865 256 2924 79
334 2856 479 2923 XXXIL
524 2856 589 2922 Sed
605 2858 658 2922 bic
672 2858 806 2943 quidem
821 2857 910 2923 locus
930 2858 1079 2923 concludi
1093 2858 1164 2944 jam
1180 2868 1295 2944 potest.
1340 2862 1428 2927 Nam
1549 2918 1550 2953 ,

269 2959 298 3024 si
311 2959 455 3027 stultitia
469 2982 623 3027 consensu
645 2964 791 3027 omnium
813 2962 1078 3048 philosophorum
1099 2962 1204 3048 majus
1227 2973 1277 3029 est
1296 2964 1430 3041 malum,
1549 2956 1550 3009 l

270 3086 369 3151 quam
391 3064 418 3129 si
440 3063 550 3129 omnia
571 3065 658 3129 mala
680 3072 714 3130 et
735 3066 883 3131 fortunae
907 3073 941 3130 et
967 3066 1107 3151 corporis
1134 3089 1173 3133 ex
1203 3068 1306 3133 altera
1335 3077 1429 3153 parte
1443 3084 1482 3143 '25
1549 3060 1550 3063 ¹

269 3175 440 3253 ponantur,
454 3167 648 3253 sapientiam
666 3176 778 3233 autem
797 3190 893 3234 nemo
913 3170 1104 3255 assequitur,
1123 3170 1158 3234 in
1178 3172 1312 3237 summis
1335 3173 1430 3237 malis
1549 3220 1550 3261 3

269 3292 381 3336 omnes
395 3293 515 3349 sumus,
531 3271 650 3357 quibus
665 3294 721 3336 vos
742 3272 865 3357 optime
886 3275 1071 3339 consultum
1087 3298 1107 3340 a
1122 3276 1173 3341 dis
1192 3277 1430 3344 immortalibus
1549 3262 1550 3287 ¹

269 3374 385 3441 dicitis.
430 3376 518 3440 Nam
540 3383 580 3441 ut
601 3374 685 3440 nihil
710 3376 857 3454 interest,
878 3386 991 3443 utrum
1013 3401 1109 3444 nemo
1131 3380 1247 3460 valeat,
1268 3404 1311 3447 an
1333 3404 1431 3448 nemo

268 3481 370 3567 possit
391 3483 507 3562 valere,
530 3483 575 3548 sic
597 3506 662 3548 non
684 3484 849 3571 intellego,
871 3486 951 3571 quid
974 3486 1113 3565 intersit,
1134 3496 1246 3553 utrum
1268 3511 1365 3554 nemo
1387 3490 1431 3555 sit
1549 3460 1550 3535 l

269 3584 406 3670 sapiens,
420 3607 463 3650 an
478 3606 574 3651 nemo
595 3606 664 3650 esse
682 3586 795 3671 possit.
842 3587 891 3653 Ac
911 3610 969 3654 nos
989 3589 1122 3676 quidem
1144 3590 1243 3655 nimis
1264 3592 1370 3657 multa
1389 3591 1430 3657 de
1445 3611 1484 3667 30
1549 3678 1550 3685 ἵ

319 3766 334 3813 3
351 3778 407 3814 cum
418 3762 615 3826 ussgensrally,
623 3762 652 3812 in
661 3778 713 3814 ras.
720 3764 751 3823 A,
759 3779 834 3827 quom
840 3764 882 3814 V¹.
949 3768 965 3815 8
981 3774 1010 3816 ur
1018 3765 1084 3817 Dav.
1094 3766 1138 3817 Or.
1147 3766 1204 3830 Ba,
1217 3774 1241 3816 et
1247 3782 1297 3817 uss
1306 3768 1366 3819 fich.
1375 3770 1430 3821 Mu.

268 3861 354 3897 cenom
369 3853 407 3896 ert
423 3859 472 3896 uss
488 3844 547 3897 sm.
566 3846 631 3907 Mu,
656 3862 741 3910 verum
757 3854 821 3897 esset
838 3846 882 3897 Or.
899 3847 946 3897 Ba.
964 3847 1031 3898 after
1047 3836 1131 3901 M'adv.
1251 3850 1283 3899 10
1300 3854 1400 3902 acerbos
1418 3870 1431 3904 e

269 3928 365 3993 [curt
379 3929 492 3978 accerbor
504 3943 516 3977 c
528 3926 605 3986 ARV,
616 3930 719 3979 accerbo
730 3944 774 3978 reu
784 3933 811 3988 B,
824 3932 936 3981 acerbare
952 3930 1011 3982 011.
1025 3936 1051 3983 0.
1153 3931 1184 3980 11
1201 3933 1225 3981 ri
1236 3934 1282 3995 qui
1293 3935 1431 3985 audiemat

269 4012 535 4073 -dnrerprctcreatur,
549 4023 601 4059 orn.
614 4010 657 4059 Or.
669 4009 717 4060 Ba.
728 4010 796 4061 after
807 4009 892 4063 Madv.
907 4026 950 4062 sce
961 4012 1060 4064 Oomm.
1180 4014 1210 4061 12
1224 4016 1431 4079 pbilosophorum

268 4093 347 4155 -qaa‘
355 4107 392 4150 ac,
407 4105 458 4141 om.
471 4090 511 4141 OB
527 4090 604 4156 (from
618 4090 859 4159 homoeoteleuton).
958 4096 1155 4159 disputationem
1169 4110 1225 4157 uss,
1246 4098 1431 4161 disputationes
1547 4085 1550 4093 ¹

270 4172 330 4223 Scb.
428 4175 460 4222 13
473 4175 635 4238 philosophos
646 4180 665 4225 ο
675 4174 768 4225 Iramb.
782 4174 842 4227 Sch.
853 4176 911 4236 Ba,
919 4180 1078 4241 philosophia
1089 4193 1138 4228 uss
1150 4179 1193 4228 Or.
1206 4178 1259 4232 Mu.
1274 4194 1317 4230 see
1328 4181 1428 4236 Oomm.

270 4255 301 4304 16
317 4256 390 4303 illum
401 4254 541 4318 [ABGEJQ
558 4257 638 4305 alium
649 4255 712 4305 Pva
724 4256 783 4305 Oxf.
898 4259 928 4308 19
945 4260 1148 4321 reprehendenda
1161 4260 1227 4323 Oxf„
1241 4264 1431 4323 repressum

269 4336 292 4387 A
302 4335 398 4400 (which
407 4336 466 4387 also
479 4336 529 4390 has
543 4340 732 4401 commendere
748 4338 776 4389 in
793 4344 807 4403 ἕ
819 4340 870 4406 21),
888 4342 1060 4404 repraesenta
1070 4340 1101 4393 V.
1219 4343 1254 4391 Ἰ22
1269 4358 1359 4395 morea
1370 4359 1427 4410 uss,

268 4432 360 4469 cumea
371 4416 430 4468 Sch.
442 4418 509 4468 after
520 4419 585 4469 Dav.
