3109 5050
412 416 477 464 mn.
500 418 540 466 111
563 417 634 466 oar.
658 417 833 466 xiv-rvr
855 400 893 486 ἕξ
917 403 1054 467 36-41.
1270 401 1310 462 15

146 581 236 638 sum,
258 584 333 628 oum
356 585 398 628 ea
418 563 591 640 considero,
615 586 700 649 quae
722 563 876 628 dicuntur
898 585 918 626 a
940 562 1065 630 Stoicis,
1109 560 1194 626 Sunt
1224 559 1311 624 enim

146 665 210 729 illa
235 666 481 752 imperitorum:
511 669 633 754 piscem
657 669 732 754 Syri
755 677 971 750 venerantum
1001 689 1095 734 omne
1118 667 1184 732 fere
1210 687 1312 751 genua

147 769 330 835 bestiarum
345 771 503 857 Aegyptii
518 781 786 838 consecraverunt
797 798 804 852 ;
817 773 888 858 jam
904 795 978 838 vero
992 773 1027 838 in
1043 771 1179 838 Graecia
1192 770 1312 834 multos

147 872 277 940 habent
292 896 332 940 ex
346 875 533 942 hominibus
548 877 634 953 deon,
648 876 857 942 Alabandum
877 875 1063 953 Alabandis,
1079 873 1214 940 Tenedii
1228 873 1311 938 Ten-

110 996 128 1056 5
147 1001 241 1058 nem,
262 980 489 1058 Leucotheam,
515 1004 599 1067 quae
622 981 687 1046 fuit
713 981 784 1058 Ino,
803 989 837 1045 et
860 980 930 1066 ejus
956 980 1183 1046 Palaemonem
1207 977 1310 1042 filiurn

146 1091 272 1150 cuncta
285 1083 421 1151 Graecia
429 1109 437 1164 ;
454 1085 641 1163 Herculem,
655 1086 896 1171 Aesculapium,
911 1085 1119 1170 Tyndaridas,
1134 1083 1311 1150 Romulum

146 1189 258 1254 nostri
276 1188 420 1273 aliosque
440 1189 628 1276 complures
649 1210 730 1274 quos
745 1188 839 1272 quasi
853 1211 952 1255 novos
968 1195 1001 1254 et
1016 1186 1212 1272 ascriptioios
1227 1185 1312 1250 cives

146 1292 191 1356 in
211 1292 338 1358 eaelum
359 1299 505 1376 receptos
527 1300 655 1376 putant.
699 1292 792 1358 XVI.
830 1292 923 1358 Haeo
944 1292 1046 1376 igitur
1067 1289 1207 1368 indocti3
1233 1287 1310 1373 quid
1324 1292 1362 1351 40

146 1413 212 1456 vos
225 1392 428 1480 philosophi?
446 1393 504 1478 qni
518 1394 672 1459 meliora?
696 1393 839 1477 (Omitto
849 1393 907 1460 illa
915 1417 923 1473 3
941 1402 1017 1458 aunt
1029 1393 1116 1460 enim
1131 1391 1311 1477 praeclara:

88 1520 130 1559 ιο
147 1497 199 1560 sit
212 1519 289 1562 sane
301 1496 381 1561 deus
395 1497 464 1582 ipse
480 1497 630 1563 mundus
674 1498 747 1566 Hoc
761 1497 856 1564 oredo
870 1497 953 1562 illud
968 1520 1037 1564 esse

295 1633 438 1688 sublime
461 1634 615 1703 candens,
639 1652 737 1704 quem
761 1635 921 1690 invocant
944 1653 1055 1690 omnes
1078 1635 1097 1688 J
1102 1648 1200 1690 ovem.

97 1774 103 1781 ·
150 1756 263 1835 Quare
277 1755 379 1840 igitur
398 1756 507 1841 plures
522 1757 731 1844 adjungimus
745 1758 845 1822 deos?
868 1766 993 1842 quanta
1007 1765 1117 1822 antem
1136 1766 1185 1822 est
1200 1779 1312 1820 eornm

149 1860 349 1926 multitudo!
381 1861 478 1944 [Mihi
492 1861 625 1948 quidem
641 1884 718 1926 sane
732 1861 830 1927 multi
844 1861 1018 1946 videntur]
1057 1861 1210 1950 Singulas
1224 1861 1311 1927 enim

149 1964 264 2030 stelles
283 1986 435 2028 numeres
453 1963 530 2030 deos
553 1987 672 2052 eosque
692 1972 750 2029 aut
771 1965 942 2029 beluarum
962 1965 1092 2030 nomine
1108 1965 1258 2050 appellas,
1273 1973 1312 2029 ut

91 2074 131 2134 Ι5
151 2065 303 2150 Capram,
326 2074 364 2130 nt
383 2065 520 2152 Nepam,
542 2076 580 2130 ut
600 2068 753 2145 Taurum,
771 2076 810 2132 ut
833 2068 983 2145 Leonem,
1003 2076 1061 2131 aut
1083 2089 1190 2132 rerum
1208 2067 1312 2132 inani-

149 2194 289 2248 mamm,
314 2179 353 2235 ut
378 2171 475 2256 Argo,
499 2180 538 2235 ut
563 2173 675 2250 Aram,
700 2181 739 2236 ut
762 2171 944 2256 Coronam.)
990 2172 1055 2238 Sed
1077 2180 1116 2236 ut
1137 2172 1217 2238 haec
1239 2195 1312 2236 con·
1324 2175 1362 2234 41

149 2276 318 2354 cedantur,
341 2275 467 2362 reliqua
492 2276 549 2362 qui
575 2276 709 2340 tandem
734 2299 801 2340 non
822 2277 917 2340 modo
940 2276 1079 2352 concedi,
1102 2275 1159 2339 sed
1181 2275 1311 2339 omnino

149 2378 301 2464 intellegi
322 2382 482 2464 possunt?
527 2379 613 2444 Cum
627 2380 735 2465 fruges
757 2380 918 2458 Cererem,
932 2379 1046 2442 vinum
1062 2378 1216 2443 Liberum
1233 2378 1312 2443 diei·

150 2505 235 2562 muS,
256 2505 374 2571 genere
397 2505 454 2547 nos
475 2481 607 2568 quidem
630 2483 787 2548 sermonis
809 2483 933 2548 utimur
952 2480 1082 2559 usitato,
1101 2479 1157 2545 sed
1177 2502 1312 2567 ecquem

90 2611 135 2649 20
150 2595 223 2652 tam
245 2594 409 2651 amentem
430 2608 499 2650 esse
519 2593 624 2670 putas,
640 2586 697 2671 qui
719 2586 889 2672 illudque
909 2594 1067 2662 vescatur,
1084 2584 1182 2650 deum
1202 2585 1312 2649 eredat

151 2692 246 2753 esse?
290 2688 379 2752 Nam
406 2710 486 2773 quos
511 2688 553 2753 ab
580 2688 766 2754 hominibus
791 2687 975 2773 pervenisse
999 2686 1079 2767 dicis
1101 2688 1142 2751 ad
1166 2687 1251 2765 deos,
1273 2695 1311 2751 tu

151 2792 267 2857 reddes
282 2793 451 2869 rationem,
466 2815 564 2877 quem
578 2793 620 2857 ad
634 2793 767 2857 modum
782 2793 817 2858 id
839 2793 908 2858 fieri
928 2793 1072 2879 potuerit
1091 2800 1149 2856 aut
1169 2815 1226 2856 our
1240 2792 1312 2856 fieri

151 2896 293 2974 desierit,
311 2904 345 2961 et
365 2919 425 2983 ego
447 2896 570 2961 discam
592 2896 742 2961 libenter.
788 2898 860 2977 Quo
881 2897 975 2961 modo
998 2919 1085 2961 nunc
1104 2895 1237 2981 quidem
1252 2904 1309 2971 est,

150 3025 218 3067 non
242 3001 345 3079 video,
371 3022 435 3085 quo
464 3008 561 3085 paeto
586 3001 650 3078 ille,
677 3001 730 3065 cui
760 3001 819 3065 ‘in
849 3009 974 3065 monte
1005 3000 1147 3065 Oetaeo
1177 2999 1309 3063 illatae

200 3255 217 3303 4
233 3255 372 3304 Alabandis
393 3253 570 3324 (alapantes)
591 3253 676 3303 Bouh.
695 3254 734 3320 (aa
752 3255 776 3303 G
795 3254 824 3303 in
844 3260 856 3316 ᾗ
872 3256 922 3318 50),
942 3256 1071 3303 elabendi
1091 3268 1149 3315 use,
1168 3256 1311 3304 Alabandei

149 3334 248 3385 Heind.
266 3350 308 3384 see
325 3334 426 3384 Oomm.
473 3326 478 3331 ⁸
527 3337 633 3388 Tenedia¹
651 3336 763 3397 Marsus,
784 3338 878 3387 Tenedi
894 3350 951 3397 nse,
969 3340 1060 3399 exeept
1076 3338 1176 3385 tenendi
1193 3337 1309 3385 amun.

152 3416 300 3467 TeanemE
320 3416 421 3477 Oxf.÷,
443 3418 543 3467 Tennen
560 3416 668 3478 AB²PV‚
689 3419 774 3467 Tenen
790 3416 891 3467 mura.
1030 3418 1044 3465 5
1061 3418 1228 3467 Leucotheam
1244 3418 1308 3479 BV1,

149 3499 333 3549 Ianchotlream
342 3497 474 3559 AOEWB,
489 3498 642 3548 leuehoteam
656 3498 713 3548 011.
831 3498 847 3547 6
863 3500 1007 3563 Asclepium
1018 3498 1056 3557 01,
1069 3498 1125 3548 also
1136 3497 1164 3547 in
1175 3500 1202 3559 ἐξ
1213 3498 1252 3560 45,
1268 3501 1307 3559 57,

149 3583 192 3631 83.
292 3582 404 3631 'laterem'
422 3579 473 3629 HG
488 3579 559 3641 Asa,
581 3587 694 3630 nostram
715 3580 759 3630 XB
781 3580 839 3630 on.
856 3579 950 3632 Foroh.
970 3596 994 3645 p.
1016 3581 1055 3631 52.
1143 3596 1212 3644 quoa,
1230 3584 1310 3631 nostri

148 3660 242 3712 Foroh.
254 3660 291 3711 ib.
405 3662 421 3709 Β
439 3662 502 3723 qaid
512 3676 555 3710 voe
563 3662 717 3724 philoromi,
732 3663 776 3723 ani
786 3662 933 3725 philosophi
944 3662 1005 3710 dnos
1017 3661 1045 3711 P.
1160 3661 1190 3709 11
1207 3664 1310 3712 sublime

149 3758 207 3804 uss,
220 3745 344 3793 moliorem
354 3743 398 3792 Or.
410 3742 457 3793 Ba
472 3742 540 3793 after
547 3730 660 3804 Ritahl,
675 3757 716 3793 see
727 3743 809 3793 above
821 3746 834 3803 5
847 3742 886 3791 10.
986 3744 1017 3791 13
1034 3744 1257 3803 mihi-videntur,
1269 3759 1310 3794 see

149 3826 251 3875 Oomm.
273 3883 276 3889 ι
370 3825 402 3874 14
418 3827 691 3888 numeror-appellas,
709 3826 1017 3889 numeraria-appellatis
1028 3825 1108 3886 ΕΘΗ,
1122 3840 1311 3875 manaremus-

148 3907 306 3969 appellamur
317 3904 407 3954 Halm.
505 3920 704 3971 coronamque
719 3904 837 3955 Purnv.
936 3906 967 3955 15
984 3907 1081 3971 Nepam
1092 3904 1212 3967 Ursinus,
1226 3908 1311 3969 lupam

148 4001 200 4035 uss
210 3986 348 4049 generally,
368 3987 455 4050 lupam
466 3985 564 4037 GRed.
571 3996 607 4041 ÷.
713 3988 885 4035 inanimalem
895 3986 993 4049 ass1v1,
1011 3988 1210 4037 inanimatorum
1219 3987 1309 4037 Bssven

148 4069 209 4119 Oxi.
221 4074 330 4132 mu,
347 4070 489 4119 animarem
507 4068 555 4118 OB.
695 4068 725 4119 19
743 4084 842 4130 ecquem
858 4067 916 4119 edd
933 4068 999 4117 after
1015 4066 1117 4129 Lamb,
1138 4069 1270 4132 haeeaaem
1286 4068 1310 4117 X

149 4153 250 4216 (except
267 4154 386 4217 hecquem
399 4151 433 4214 E)
450 4156 498 4203 BH
509 4152 578 4213 oxa,
597 4166 681 4201 eccum
697 4166 769 4214 anem
785 4156 810 4212 0,
831 4153 871 4201 die
889 4166 961 4215 anem
977 4150 1008 4209 R,
1026 4152 1067 4199 hic
1084 4166 1156 4213 qaam
1171 4155 1200 4209 V,
1216 4164 1259 4201 see
1275 4166 1309 4201 on

147 4236 217 4289 180.
300 4238 331 4284 22
348 4237 437 4287 reddar
453 4235 546 4299 Xm,
563 4237 639 4287 redde
650 4235 762 4297 v²0xf.,
782 4238 871 4287 reddar
885 4234 945 4289 ach.
1031 4236 1060 4284 ia
1076 4234 1225 4299 [BEPV¹]0,
1243 4238 1310 4287 idem

148 4317 298 4369 novom
310 4322 371 4372 B÷.
470 4320 502 4369 24
521 4319 715 4369 Oetaeoillatee
730 4318 804 4381 GRH,
824 4326 934 4369 moetaeo
946 4320 985 4370 ill.
999 4317 1099 4377 AEPV,
1116 4325 1208 4369 enelaeo
1226 4320 1265 4370 ill.
1277 4320 1308 4377 B,

148 4401 318 4449 rnetaoemlale
331 4400 391 4449 Oxi.
423 4400 552 4467 (Perhaps
562 4400 608 4451 the
618 4401 757 4464 archetype
768 4415 829 4464 may
839 4400 906 4450 have
917 4398 971 4451 hed
982 4402 1010 4449 in
1021 4407 1125 4451 merrtem
1137 4399 1275 4464 Oetaeam.)
1308 4453 1311 4459 ,
