3109 5050
421 320 498 423 m
521 375 563 422 111
586 374 658 424 cnr.
682 375 818 422 rur—x
841 357 879 442 ξς
902 361 1040 424 21-25.
1297 363 1315 424 9

153 542 286 606 quoque
301 521 423 586 artium
438 522 587 587 homines
602 545 642 587 ex
658 545 696 587 eo
716 527 951 608 procreantur?
995 523 1090 587 Nihil
1106 524 1207 609 igitur
1221 523 1316 588 affert

152 633 248 710 pater
267 627 330 690 istc
351 626 544 703 Stoicorum,
566 629 666 712 quare
688 628 846 692 mundum
871 629 995 692 ratione
1017 629 1069 694 uti
1091 636 1252 714 putemus,
1273 651 1315 692 ne

150 751 211 793 cur
231 729 432 793 animantem
454 730 586 815 quidem
609 753 685 797 esse.
731 732 811 824 Non
828 740 877 796 est
898 732 1000 818 igitur
1017 733 1157 798 mundus
1176 732 1265 809 deus,
1282 738 1316 795 et

150 841 267 898 tamen
289 832 372 895 nihil
395 841 506 919 osteo
528 834 663 912 melius;
687 833 770 897 nibil
793 841 843 898 est
865 835 953 899 enim
975 857 1013 898 eo
1036 834 1209 919 pulchrius,
1232 835 1315 899 nihil

116 935 329 1016 5salutarius
354 935 454 1011 nobis,
479 936 562 1000 nihil
588 937 734 1002 ornatius
759 946 893 1023 aspectu
920 946 1078 1022 motuque
1104 938 1313 1004 constantius.

150 1037 278 1116 Quodsi
294 1040 436 1104 mundus
451 1041 621 1104 universus
637 1047 767 1104 nonest
788 1040 876 1118 deus,
892 1063 933 1104 ne
949 1040 1062 1104 stellae
1077 1026 1218 1125 quidem,
1234 1064 1314 1126 quas

150 1149 193 1206 tu
223 1143 477 1208 innumerabiles
506 1144 542 1207 in
571 1143 706 1208 deorum
735 1167 871 1208 numero
901 1145 1087 1230 reponebas,
1113 1167 1251 1229 quarum
1282 1155 1315 1210 te

151 1270 266 1312 cursus
281 1248 468 1333 aequabiles
482 1249 671 1334 aeternique
683 1248 899 1327 delectabant,
910 1272 970 1313 nec
982 1249 1167 1313 mehercule
1178 1249 1315 1334 injuria,

150 1359 232 1414 sunt
245 1350 332 1414 enim
349 1350 534 1415 admirabili
549 1351 796 1436 incredibilique
812 1352 1001 1416 constantia.
1036 1351 1100 1416 Sed
1117 1374 1182 1415 uon
1197 1353 1314 1429 omnia,
1329 1366 1367 1423 24

92 1481 135 1520 πο
150 1454 265 1532 Balbe,
284 1478 368 1539 quae
390 1478 502 1520 cursus
519 1448 628 1520 'certos
651 1465 686 1522 et
707 1463 894 1520 constantes
913 1455 1045 1534 habent,
1065 1445 1104 1519 ea
1123 1456 1184 1520 deo
1206 1456 1315 1540 potius

149 1557 326 1622 tribuenda
341 1567 418 1622 sunt
433 1582 532 1645 quam
548 1569 691 1625 naturae.
748 1559 789 1624 X.
835 1559 923 1639 Quid
942 1558 1127 1624 Chalcidico
1143 1560 1263 1645 Euripo
1280 1560 1314 1622 in

149 1669 245 1725 motu
260 1661 440 1726 identidem
451 1661 678 1746 reciprocando
693 1670 789 1746 putas
805 1661 875 1726 fieri
890 1683 982 1748 posse
994 1662 1215 1728 constantius?
1234 1661 1315 1748 quid

148 1765 235 1828 fret-o
251 1765 436 1830 Siciliensi?
458 1766 537 1853 quid
554 1765 676 1831 Oceani
691 1765 815 1830 fervore
830 1765 895 1828 illis
909 1764 944 1828 in
959 1763 1045 1841 locis,

294 1919 460 1990 Europam
479 1919 686 1991 Libyamque
703 1935 806 1990 rapax
824 1918 881 1973 ubi
900 1917 1024 1972 dividit
1042 1918 1150 1972 unda?

93 2084 131 2144 15
148 2058 264 2138 Quid?
282 2068 391 2124 aestus
401 2059 559 2124 maritimi
570 2059 623 2124 vel
635 2059 869 2144 Hispanienses
881 2058 932 2123 vel
945 2058 1125 2123 Britannici
1138 2081 1313 2146 eorumque

148 2163 247 2228 certis
270 2164 473 2248 temporibus
496 2164 547 2228 vel
569 2186 715 2228 accessus
737 2164 790 2228 vel
813 2185 956 2228 recessus
980 2164 1049 2228 sine
1072 2163 1133 2227 deo
1155 2164 1225 2228 fieri
1246 2187 1312 2230 non

147 2273 311 2353 possuntt
354 2267 448 2346 Vide,
463 2290 592 2353 quaeso,
607 2268 635 2332 si
653 2290 766 2332 omnes
787 2275 894 2332 motus
915 2268 1096 2352 omniaque,
1113 2290 1196 2353 quae
1216 2269 1312 2334 certis

146 2370 352 2455 temporibus
369 2370 515 2435 ordinem
534 2393 630 2435 suum
652 2381 851 2448 conservant,
868 2372 980 2436 divina
998 2371 1145 2448 dicimus,
1162 2395 1203 2436 ne
1218 2374 1311 2436 terti-

146 2496 228 2539 anas
259 2497 378 2561 qaoque
407 2474 511 2541 febres
540 2483 574 2541 et
603 2484 778 2561 quartanas
808 2475 933 2540 divinas
963 2498 1033 2541 esse
1059 2474 1232 2541 dicendum
1259 2477 1310 2555 sit,

90 2609 133 2647 20
148 2601 289 2664 quarum
303 2581 485 2645 reversione
501 2588 535 2645 et
550 2588 641 2644 motu
659 2581 739 2665 quid
759 2588 867 2665 potest
887 2602 956 2645 esse
976 2580 1200 2647 constantius?
1244 2583 1309 2648 Sed

148 2686 296 2770 omnium
310 2687 427 2750 talium
442 2709 549 2750 rerum
564 2686 647 2750 ratio
658 2686 827 2770 'reddenda
841 2693 898 2753 est.
936 2685 1031 2766 Quod
1045 2709 1101 2751 vos
1116 2709 1191 2752 cum
1204 2688 1309 2755 facere
1326 2698 1363 2756 25

146 2812 215 2855 non
229 2790 373 2874 potestis,
389 2800 556 2877 tamquam
572 2791 607 2854 iu
622 2813 712 2855 aram
727 2790 900 2875 confugitis
916 2790 957 2854 ad
973 2791 1079 2859 deum.

215 2892 263 2958 Et
278 2893 478 2980 Chrysippus
493 2894 556 2958 tibi
570 2904 666 2959 acute
687 2894 794 2958 dicere
814 2894 994 2971 videbatur,
1011 2895 1107 2959 homo
1122 2896 1191 2961 sine
1209 2897 1308 2962 dubio

148 3004 298 3061 versutus
312 3005 346 3061 et
361 2999 494 3063 callidus
509 3000 668 3084 (versutos
684 3020 738 3062 eos
752 2998 888 3084 appello,
903 3020 1040 3083 quorum
1055 2999 1201 3063 celeriter
1216 3022 1308 3065 mens

93 3131 109 3167 2
114 3127 131 3186 5
148 3107 306 3176 versatur,
327 3101 459 3166 callidos
484 3111 605 3179 autem,
631 3124 778 3187 quorum,
802 3110 970 3187 tamquam
992 3124 1109 3166 manus
1134 3125 1238 3187 opere,
1263 3104 1307 3168 sic

147 3202 278 3265 animus
291 3224 353 3266 usu
369 3203 575 3286 concalluit);
597 3204 624 3267 is
643 3204 751 3288 igitur,
767 3203 821 3267 ‘Si
842 3203 966 3295 aliquid
987 3204 1052 3280 est,'
1069 3203 1185 3289 inquit,
1202 3206 1307 3290 ‘quod

147 3307 246 3370 homo
261 3306 385 3371 efficere
400 3330 462 3371 non
478 3307 588 3393 possit,
605 3306 661 3392 qui
677 3306 710 3369 id
727 3306 834 3383 efficit,
851 3306 964 3370 melior
979 3314 1029 3370 est
1039 3306 1188 3387 homine;
1209 3308 1306 3372 homo

146 3418 260 3475 autem
276 3410 365 3490 haec,
377 3433 461 3495 quae
476 3411 511 3474 in
526 3410 649 3474 mundo
664 3417 749 3486 sunt,
761 3410 886 3473 efficere
901 3431 966 3472 non
981 3416 1108 3493 potest3
1127 3410 1183 3493 qui
1198 3411 1318 3495 potuit¹

198 3629 261 3677 2210
277 3644 323 3679 car
338 3628 394 3680 edd.
412 3630 478 3679 after
493 3630 598 3690 Lamb,
617 3646 663 3681 aec
679 3646 725 3681 cur
740 3645 798 3682 uss.
932 3633 948 3680 8
965 3631 1089 3680 delectant
1108 3630 1187 3681 cobet
1204 3645 1230 3692 p.
1248 3630 1303 3683 463.

147 3712 181 3760 10
198 3714 288 3761 habent
299 3712 478 3776 [nBcEPJrn
494 3716 585 3763 habeat
599 3716 640 3765 vel
653 3722 755 3764 servom
766 3714 800 3764 Vl
811 3714 869 3764 oxr.
882 3713 981 3775 UGMV,
1000 3716 1091 3763 habent
1102 3716 1142 3763 oet
1158 3722 1304 3765 conservant

145 3799 176 3852 H,
200 3808 251 3845 om.
272 3794 313 3843 Ψ.
441 3796 472 3844 13
490 3798 621 3845 Siciliensi
641 3810 691 3846 uss
709 3796 849 3859 generally,
871 3797 995 3845 stilicensi
1015 3795 1078 3853 ΑΨ,
1102 3798 1241 3845 sicilicerrse
1261 3796 1302 3845 V’.

139 3879 244 3939 fervore
255 3890 317 3927 corr.
329 3878 467 3940 exsorbere
478 3877 531 3928 AV.
666 3878 698 3927 16
715 3893 765 3926 non
774 3878 836 3937 B10,
847 3892 927 3926 rwnne
938 3876 1105 3926 AB²0Eva
1116 3875 1174 3925 Oxf.
1183 3888 1217 3934 ÷,
1228 3879 1302 3926 mini-

144 3974 183 4007 me
194 3962 224 4007 H.
334 3958 366 4007 17
382 3972 447 4020 qaae
459 3972 511 4007 om.
521 3957 611 4008 OEBO.
711 3960 742 4010 19
759 3974 856 4022 quoque
869 3957 926 4009 edd.
940 3957 1007 4007 after
1017 3955 1119 4015 hamb,
1131 3957 1232 4019 quidem
1244 3972 1301 4017 uss,

144 4043 207 4089 item
222 4039 347 4090 Muretus.
460 4041 492 4087 22
509 4055 581 4089 aram
597 4040 734 4103 [Bonna
755 4047 842 4089 orama
857 4038 888 4097 A,
908 4053 1015 4088 oronam
1026 4036 1067 4095 Vl,
1086 4052 1188 4086 arenam
1199 4038 1232 4087 V*
1243 4038 1299 4089 Oxi.

145 4126 198 4180 KG,
216 4136 288 4170 arom
299 4129 346 4170 aot
357 4121 386 4181 P,
401 4123 521 4170 harenam
531 4127 581 4181 RV,
595 4124 690 4171 lroreno
706 4127 735 4173 N.
836 4122 972 4185 consopitis
988 4118 1140 4177 mosot
1152 4121 1300 4182 consuytstis

144 4204 237 4255 xm
253 4204 311 4256 cxf.
327 4202 455 4267 (of.153)‚
468 4206 564 4269 facitis
581 4205 622 4256 0¹.
734 4206 765 4254 25
783 4203 1055 4268 quoram-concollait
1072 4201 1139 4251 cited
1155 4201 1184 4251 in
1201 4204 1301 4255 Nonius

145 4302 171 4350 p.
185 4288 225 4349 90,
240 4288 385 4337 Grammat.
397 4286 429 4336 de
442 4301 501 4348 gen.
512 4302 583 4339 nom.
595 4302 622 4338 n.
637 4290 676 4339 58.
794 4289 826 4337 27
843 4288 888 4349 qui
905 4286 934 4334 td
950 4283 1080 4347 [BOE]A⁹,
1100 4286 1162 4347 qaid
1178 4284 1301 4349 mmo,

145 4371 270 4431 quicquid
284 4370 313 4417 id
329 4368 390 4418 Vin
402 4384 452 4416 ras.
466 4367 556 4417 UHGR
568 4369 625 4419 Cxl.
