3109 5050
277 393 320 458 28
510 465 514 472 ,
662 411 709 460 nn
729 411 874 461 uarum
895 413 1052 463 nnoauu.

276 555 333 624 sed
348 557 452 624 multo
466 557 536 623 vita
549 558 730 633 eommunis
743 576 848 644 paene
864 560 1048 646 majoribus
1082 560 1194 627 Sentit
1208 561 1324 629 domus
1339 560 1442 626 unius

275 661 442 748 cujusque,
461 662 563 728 sentit
582 663 697 741 sorum,
716 663 819 730 sentit
838 665 939 744 curia,
959 665 1111 752 Campus,
1129 666 1217 742 socii,
1241 666 1440 750 provinciae,

276 773 324 842 ut,
348 787 446 850 quem
469 766 511 830 ad
535 766 669 830 modum
692 767 818 832 ratione
844 776 932 833 recte
958 767 1027 846 fiat,
1053 769 1098 834 sic
1124 768 1249 836 ratione
1275 777 1439 855 peccetur,

275 869 479 955 altemmque
494 878 529 935 et
542 892 564 934 a
578 869 689 956 paucis
707 879 741 936 et
759 893 839 949 raro,
855 871 995 936 alterum
1017 881 1052 938 et
1069 895 1164 958 saepe
1185 881 1220 938 et
1241 896 1261 936 a
1278 873 1440 958 plurimis,

276 981 316 1038 ut
329 972 430 1038 satius
444 973 544 1039 fuerit
557 974 682 1039 nullam
702 975 835 1040 omnino
855 976 947 1040 nobis
963 999 983 1039 a
997 975 1046 1040 dis
1062 976 1301 1042 immortalibus
1325 978 1439 1042 datam
1477 997 1494 1055 5

276 1098 345 1142 esse
375 1077 535 1142 rationem
559 1100 657 1164 quam
681 1087 776 1142 tanta
805 1100 880 1143 eum
911 1079 1053 1165 pernicie
1084 1080 1203 1145 datam.
1247 1079 1297 1145 Ut
1322 1079 1439 1144 vinum

276 1181 425 1267 aegrotis,
450 1181 528 1267 quia
550 1181 683 1266 prodest
707 1204 788 1259 raro,
815 1192 910 1248 nocet
936 1183 1132 1269 saepissime,
1156 1185 1274 1249 melius
1298 1192 1440 1248 estnon

275 1284 429 1350 adhibere
444 1285 576 1349 omnino
590 1307 689 1371 quam
704 1308 761 1372 spe
776 1286 895 1352 dubiae
911 1287 1026 1354 salutis
1041 1288 1075 1352 in
1091 1295 1238 1374 apertam
1259 1287 1439 1374 perniciem

276 1390 449 1467 incurrere,
465 1390 510 1456 sic
523 1390 613 1455 haud
627 1391 692 1456 scio
707 1414 751 1456 an
765 1391 884 1456 melius
899 1392 998 1457 fuerit
1013 1393 1157 1457 humano
1176 1393 1289 1478 generi
1309 1400 1438 1456 motum

277 1497 377 1559 istum
399 1494 536 1561 celerem
558 1495 773 1582 cogitationis,
791 1518 937 1575 acumen,
955 1497 1141 1574 sollertiam,
1159 1518 1258 1582 quam
1278 1497 1438 1562 rationem
1457 1517 1497 1554 ιο

277 1619 437 1678 vocamus,
448 1580 607 1683 'quoniam
624 1599 779 1685 pestifera
793 1608 838 1666 eu
853 1599 975 1677 multis,
990 1600 1166 1664 admodum
1185 1601 1297 1686 paucis
1317 1601 1438 1665 saluta-

277 1700 331 1778 ris,
358 1723 423 1764 non
449 1701 519 1765 dari
545 1702 677 1766 omnino
703 1723 803 1786 quam
830 1711 898 1766 tam
926 1702 1078 1767 munifice
1101 1711 1227 1772 ettam
1249 1703 1336 1788 large
1359 1702 1439 1767 dari.

224 1811 264 1870 to
278 1805 384 1885 Quam
407 1804 449 1869 ob
472 1826 540 1869 rem
567 1805 595 1870 si
624 1828 716 1871 mens
740 1806 957 1892 voluntasque
987 1806 1099 1872 divina
1127 1807 1247 1871 idcirco
1276 1806 1441 1871 consuluit

278 1901 472 1985 hominibus,
487 1908 572 1995 quod
588 1909 627 1973 iis
643 1918 692 1974 est
706 1909 825 1995 largita
838 1910 1007 1988 rationem,
1023 1911 1063 1975 iis
1079 1910 1153 1975 solis
1171 1911 1340 1989 consuluit,
1357 1932 1441 1994 quos
1467 1977 1469 1980 .

277 2010 363 2076 bona
376 2010 501 2076 ratione
516 2010 657 2087 donavit,
674 2033 755 2096 quos
770 2011 927 2088 videmus,
943 2012 970 2076 si
986 2012 1082 2076 modo
1097 2010 1157 2076 ulli
1172 2020 1259 2090 sunt,
1276 2033 1344 2075 esse
1364 2032 1440 2096 per-
1457 2034 1493 2092 15

278 2136 403 2201 paucos
448 2116 524 2180 Non
540 2115 646 2200 placet
661 2124 772 2180 autem
789 2115 899 2202 paucis
915 2138 935 2180 a
950 2116 1000 2181 dis
1015 2114 1252 2179 immortalibus
1273 2136 1343 2180 esse
1363 2137 1441 2179 oon-

278 2218 421 2299 sultum;
444 2219 593 2304 sequitur
607 2241 694 2307 ergo,
709 2228 748 2284 ut
762 2220 886 2285 nemini
902 2221 1085 2286 consultum
1100 2220 1152 2285 sit.
1551 2133 1553 2284 l

343 2323 505 2388 XXVIII.
544 2322 632 2387 Huic
652 2322 720 2388 loco
740 2322 786 2388 sic
808 2323 918 2388 soletis
938 2345 1119 2389 occurrere:
1145 2345 1211 2388 non
1233 2323 1351 2388 idcirco
1373 2346 1441 2387 non

278 2427 401 2513 optime
422 2427 515 2492 nobis
529 2450 550 2492 a
567 2427 617 2491 dis
637 2449 706 2492 esse
729 2428 903 2512 provisum,
919 2427 1006 2513 quod
1028 2428 1126 2493 multi
1149 2450 1260 2492 eorum
1282 2428 1441 2494 beneficio

277 2555 427 2619 perverse
442 2540 634 2613 ute1·entur;
655 2532 756 2598 etiam
776 2532 983 2618 patrimoniis
1001 2532 1121 2615 multos
1140 2533 1225 2597 male
1244 2533 1302 2611 uti,
1318 2555 1378 2597 nec
1396 2534 1441 2598 ob
1458 2556 1496 2593 20

279 2659 502 2712 eamcausam
525 2659 578 2701 eos
600 2636 795 2702 beneficium
816 2658 836 2699 a
853 2634 1001 2721 patribus
1020 2636 1149 2700 nullum
1170 2636 1297 2702 habere.
1343 2636 1442 2716 Quis-

280 2762 377 2825 quam
393 2740 477 2805 istuc
491 2742 612 2825 negati
635 2747 693 2805 aut
714 2761 798 2825 quae
822 2747 873 2804 est
895 2738 930 2802 in
952 2738 1125 2826 collatione
1149 2739 1212 2803 ista
1234 2738 1441 2803 similitudo?

279 2846 349 2911 Nee
364 2846 452 2911 enim
468 2844 603 2910 Herculi
623 2866 738 2909 nocere
754 2843 910 2908 Deianira
925 2843 1038 2921 voluit,
1055 2866 1130 2907 cum
1149 2844 1179 2908 ei
1200 2842 1347 2907 tunicam
1365 2864 1441 2907 san·
1547 2858 1553 2900 Δ

328 3014 846 3079 imepeedd.niterldanut.,mmperuss.
915 3014 946 3063 11
955 3013 1441 3075 eeiSoh.Or.Ba.Mu.,sintA¹BEPV¹,

278 3103 314 3151 ιιι
330 3098 418 3149 on¹V¹
435 3099 493 3149 Oxi.
505 3098 583 3160 Mna,
596 3106 656 3148 runt
672 3098 696 3148 G
713 3096 811 3149 Hsind.
908 3099 1031 3147 salutarie
1047 3097 1080 3159 X,
1097 3099 1228 3147 salutaria
1244 3096 1326 3147 B²HG
1342 3096 1441 3148 Heind.

281 3185 312 3234 14
329 3190 366 3233 ert
377 3184 480 3244 tarpita,
493 3184 589 3244 tarpita
600 3189 636 3231 eat
648 3180 709 3232 Sch.
801 3180 831 3229 15
848 3182 897 3230 ulti
908 3187 967 3230 runt
978 3196 1028 3231 esse
1039 3181 1071 3243 E,
1085 3182 1135 3229 ulli
1146 3183 1198 3230 sint
1209 3196 1260 3231 esee
1271 3181 1361 3230 ABGV
1372 3181 1441 3241 Oxi,

279 3269 341 3317 ullis
352 3268 470 3316 intersere
481 3264 548 3315 Pur.
638 3266 670 3313 21
688 3266 822 3327 quisquam
832 3265 898 3313 istuc
914 3264 985 3325 GRH,
999 3266 1119 3327 quisquae
1136 3266 1201 3313 istuc
1217 3263 1261 3313 BP
1273 3266 1327 3325 (see
1338 3263 1439 3315 Introd.

280 3364 315 3398 on
333 3350 400 3410 uss),
419 3350 582 3411 quisquamne
596 3348 662 3396 istuc
681 3346 704 3396 V
725 3350 767 3409 (ex
786 3345 862 3411 corr.)
884 3346 951 3403 Oxi„
970 3347 1033 3408 quid
1049 3348 1119 3395 ictud
1134 3346 1167 3405 E,
1186 3348 1319 3409 quicquam
1330 3348 1402 3409 jure
1419 3347 1442 3396 A

281 3434 359 3495 (juste
376 3430 405 3479 in
421 3445 470 3481 ras
488 3431 554 3481 later
569 3430 659 3493 hand).
745 3432 777 3478 23
795 3430 836 3479 On
851 3429 895 3479 the
912 3429 987 3478 order
1001 3430 1030 3479 oi
1044 3429 1090 3479 the
1105 3430 1205 3480 choses
1222 3430 1289 3479 from
1306 3430 1358 3479 Nec
1375 3432 1443 3480 enim

279 3513 308 3561 to
318 3512 427 3560 meme
437 3512 472 3572 (p.
481 3510 514 3561 29
525 3509 543 3557 l.
552 3508 592 3574 16)
601 3523 643 3558 see
652 3508 752 3557 Oomm.
776 3508 832 3557 The
840 3511 1021 3571 arrangement
1033 3508 1105 3559 there
1116 3508 1242 3572 proposed
1253 3508 1275 3557 ir
1285 3523 1315 3559 as
1323 3508 1441 3559 follows:

280 3595 338 3643 Non
348 3594 422 3651 enim,
433 3598 463 3639 ut
470 3593 652 3654 patrimonium
662 3592 825 3653 relinquitur,
837 3592 873 3639 sic
885 3593 952 3639 ratio
968 3597 1004 3640 ιιι
1022 3592 1115 3640 homini
1127 3592 1243 3655 beneficio
1255 3592 1356 3641 deorum
1367 3592 1440 3641 data.

281 3676 350 3738 Quid
360 3675 427 3723 enim
434 3675 519 3735 potius
532 3674 673 3722 hominibus
684 3673 820 3731 dedissent,
832 3673 855 3721 si
870 3674 905 3721 iis
922 3687 1007 3722 nocere
1019 3673 1175 3721 uoluissent?
1199 3670 1284 3734 [They
1301 3670 1378 3721 could
1394 3676 1442 3723 not

279 3759 346 3808 have
357 3756 433 3819 given
444 3755 602 3817 ignorantly,
613 3769 644 3805 as
654 3770 716 3809 men
727 3754 779 3817 de]
808 3756 887 3805 Multi
899 3757 965 3804 enim
976 3762 1007 3815 et,
1021 3770 1076 3804 cum
1087 3756 1167 3804 obesae
1179 3756 1278 3815 uellem,
1288 3756 1443 3819 prosuerunt

280 3847 313 3901 et,
328 3855 384 3889 cum
396 3839 521 3901 prodeam,
538 3838 680 3900 obfuerunt.
714 3839 768 3886 Nec
785 3839 852 3887 enim
870 3838 978 3886 Herculi
997 3852 1083 3887 meere
1098 3838 1227 3886 Deianira
1242 3838 1331 3897 uoluit,
1346 3852 1403 3885 cum
1418 3840 1443 3887 ei

279 3922 393 3971 tunicam
410 3920 532 3980 sanquine
553 3919 676 3967 Centauri
692 3920 798 3967 tinctam
812 3918 890 3976 dedit,
908 3932 953 3967 nec
972 3916 1089 3979 prodesse
1107 3918 1219 3967 Pheraeo
1236 3918 1328 3969 Jasoni
1346 3923 1379 3979 ιι,
1396 3924 1443 3984 qui

279 4003 366 4065 plodio
382 4002 504 4050 vomicam
520 4001 572 4062 ejus
590 4002 698 4061 aperuit,
716 4014 792 4062 quam
802 4014 892 4048 cauare
904 3999 994 4047 rudici
1005 4013 1056 4048 non
1067 4005 1210 4061 potuerant.
1244 4001 1287 4048 Ita
1297 4016 1349 4050 non
1358 4003 1394 4064 fit
1411 4018 1443 4051 ea

280 4099 316 4142 eo,
334 4084 401 4146 quod
419 4083 503 4140 datur,
520 4088 549 4130 ut
564 4084 682 4132 uoluntas
699 4082 759 4143 ejus,
779 4083 825 4143 qui
839 4082 942 4141 dederit,
960 4087 1091 4143 appareat,
1110 4094 1162 4141 uec,
1182 4082 1205 4129 si
1220 4082 1251 4139 ts,
1269 4082 1314 4142 qui
1331 4084 1439 4145 accepit,
1542 4072 1553 4093 ⁵*

280 4168 339 4216 rem
349 4167 442 4222 utitur,
453 4165 548 4213 idcirco
558 4166 590 4224 is,
605 4165 649 4226 qui
661 4164 740 4221 dedit,
752 4165 832 4212 amice
847 4164 924 4213 dedit.
958 4163 1106 4225 Imustitim
1118 4169 1209 4220 autem,
1221 4164 1441 4227 intemperantiae,

282 4249 430 4299 timiditatia
452 4262 517 4311 quae
538 4250 633 4297 semina
655 4254 743 4308 essent,
765 4248 789 4295 ri
812 4248 852 4296 hia
871 4248 945 4296 uitiis
962 4248 1031 4296 ratio
1048 4261 1099 4295 non
1119 4247 1247 4295 subesset?
1286 4248 1357 4309 Quae
1375 4253 1444 4300 enim

281 4332 369 4400 libide,
386 4345 451 4393 quae
468 4332 590 4391 auamtia,
610 4330 677 4392 quad
688 4329 794 4391 facinus
811 4335 858 4388 aut
874 4330 1012 4391 smcipitur
1031 4328 1082 4377 nisi
1101 4328 1206 4386 consitio
1226 4335 1301 4391 capto
1319 4338 1368 4393 aut
1386 4334 1443 4383 sine

280 4416 361 4465 animi
375 4420 443 4462 nwtu
457 4420 483 4470 et
499 4414 659 4473 capitatione,
677 4412 706 4459 id
722 4412 881 4474 miratione,
894 4412 1045 4475 perficitur?
1084 4412 1151 4475 Nam
1170 4413 1249 4471 omnia
1268 4413 1354 4475 opinio
1374 4418 1445 4465 ratio
