3109 5050
295 395 315 456 2
678 409 725 456 nu
747 389 889 458 uarum
911 409 1065 458 uuoauu.
1539 477 1546 522 ⁴

294 553 424 618 videtur
437 553 580 639 satisque
595 559 720 638 putare,
731 553 760 616 si
770 551 892 617 dixerit
902 574 971 618 esse
982 551 1147 637 quandam
1158 552 1288 617 beatam
1299 558 1452 616 naturam

262 666 329 724 tet-
357 665 531 723 aeternam.
584 658 617 722 A
647 655 750 722 Balbo
780 665 891 722 autem
921 656 1189 734 animadvertisti,
1219 657 1321 729 credo,
1352 676 1453 740 quam

294 761 399 826 multa
424 761 513 826 dicta
538 760 604 825 sint
630 782 802 846 quamque,
827 760 926 825 etiam
950 761 977 824 si
1002 760 1109 825 minus
1135 782 1219 836 vera,
1241 767 1351 823 tamen
1374 764 1455 842 apta
1545 777 1546 798 r

293 862 380 929 inter
394 885 428 929 se
443 870 477 928 et
491 863 704 928 cohaerentia
738 863 857 948 Itaque
872 863 986 949 cogito,
997 872 1035 928 ut
1050 865 1127 943 dixi,
1142 886 1207 928 non
1222 873 1291 928 tam
1305 863 1454 928 refellere

294 964 365 1050 ejus
379 965 556 1030 orationem
572 988 670 1051 quam
686 987 732 1043 ea,
744 988 829 1050 quae
843 965 951 1031 minus
963 966 1119 1044 intellexi,
1131 966 1305 1051 requirere.
1335 966 1453 1044 Quare,
1486 984 1501 1042 5

294 1067 406 1146 Balbe,
421 1068 483 1133 tibi
502 1068 665 1154 permitto,
680 1068 913 1154 responderene
929 1069 1011 1132 mihi
1030 1069 1125 1134 malis
1143 1070 1184 1134 de
1203 1069 1337 1154 singulis
1354 1069 1453 1132 rebus
1540 1059 1546 1096 l

294 1173 464 1259 quaerenti
487 1196 528 1239 ex
554 1181 588 1238 te
612 1196 659 1252 ea,
684 1196 768 1258 quae
791 1196 907 1259 parum
929 1174 1046 1259 accepi,
1069 1197 1111 1238 an
1132 1175 1316 1238 universam
1339 1173 1453 1238 audire

294 1277 473 1341 orationem
494 1299 610 1344 meam.
655 1277 740 1341 Tum
763 1276 907 1342 Balbus:
933 1277 1003 1362 Ego
1025 1299 1110 1355 vero,
1131 1277 1159 1342 si
1181 1277 1261 1363 quid
1285 1276 1453 1362 explanari

294 1378 356 1444 tibi
371 1380 467 1457 voles,
481 1378 674 1465 respondere
688 1379 793 1460 malo;
814 1379 864 1442 sin
880 1401 932 1443 me
948 1379 1145 1466 interrogare
1160 1402 1226 1444 non
1240 1389 1308 1445 tam
1323 1379 1452 1444 intelle-

294 1483 392 1568 gendi
407 1505 503 1548 causa
517 1505 615 1568 quam
630 1481 808 1560 refellendi,
819 1491 931 1547 utrum
946 1484 1042 1561 voles,
1055 1483 1181 1560 faciam,
1192 1484 1244 1548 vel
1259 1484 1299 1548 ad
1315 1483 1453 1568 singula,
1470 1501 1502 1537 10

295 1608 379 1671 quae
393 1587 545 1672 requires,
559 1587 671 1654 statim
691 1587 891 1673 respondebo
911 1587 974 1668 vel,
995 1610 1070 1652 cum
1089 1588 1255 1674 peroraris
1274 1587 1315 1651 ad
1334 1588 1452 1651 omnia.
1545 1619 1546 1622 ¹

265 1690 380 1756 5Tum
400 1690 506 1768 Cotta,
521 1691 661 1776 Optime,
677 1691 793 1775 inquit.
837 1691 1092 1770 Quamobrem
1113 1691 1453 1776 sicagamus,utnos
1539 1647 1546 1736 l

294 1793 365 1879 ipsa
389 1793 487 1858 ducet
512 1792 623 1859 oratio,
670 1794 715 1859 ΙΙ.
761 1793 828 1860 Sed
849 1802 926 1860 ante
952 1817 1050 1879 quam
1073 1793 1114 1858 de
1136 1817 1180 1871 re,
1202 1816 1304 1878 pauca
1326 1793 1367 1858 de
1390 1815 1452 1856 me.

294 1896 372 1962 Non
397 1897 486 1962 enim
511 1897 716 1962 mediocriter
741 1920 871 1962 moveor
894 1898 1087 1962 auctoritate
1109 1905 1176 1974 tua,
1200 1897 1311 1975 Balbe,
1334 1897 1452 1960 oratio-

294 2019 400 2083 neque
419 2019 466 2075 ea,
486 2019 569 2084 quae
592 2020 645 2062 me
667 1997 701 2060 in
719 1997 898 2083 perorando
921 1998 1156 2075 cohortabatur,
1175 2005 1213 2062 ut
1232 1997 1452 2061 meminissem
1470 2015 1501 2073 15

294 2121 346 2164 me
369 2108 403 2164 et
425 2099 557 2165 Cottam
579 2122 648 2165 esse
671 2108 705 2164 et
726 2099 935 2184 pontificem3
958 2101 1045 2186 quod
1064 2123 1109 2178 ec,
1129 2100 1232 2176 credo,
1252 2099 1391 2176 valebat,
1414 2108 1453 2164 ut
1506 2177 1508 2182 Ι

293 2202 469 2289 opiniones,
494 2226 575 2288 quas
604 2225 625 2268 a
653 2203 830 2288 majoribus
856 2203 1037 2289 accepimus
1063 2203 1103 2268 de
1126 2204 1177 2268 dis
1204 2203 1452 2281 immortalibus,

294 2330 390 2386 sacra,
420 2306 629 2373 caerimonias
658 2307 892 2392 religionesque
923 2307 1160 2374 defenderem‘
1193 2308 1262 2392 Ego
1291 2330 1368 2372 vero
1398 2331 1454 2374 eas
1532 2347 1535 2352 ·

294 2412 467 2478 defendam
491 2434 618 2498 semper
639 2433 831 2498 semperque
853 2413 993 2490 defendi,
1013 2435 1072 2476 nec
1093 2435 1146 2476 me
1169 2434 1209 2476 ex
1232 2434 1271 2476 ea
1292 2413 1454 2498 opinione,

294 2540 394 2603 quam
408 2540 428 2581 a
443 2515 620 2603 majoribus
638 2516 748 2603 accepi
767 2516 808 2582 de
827 2516 917 2583 cultu
938 2517 1071 2581 deorum
1095 2516 1337 2595 immortalium,
1352 2518 1454 2583 ullius
1471 2539 1504 2576 20

292 2644 451 2707 umquam
473 2621 575 2686 oratio
599 2630 658 2687 aut
684 2622 771 2686 docti
798 2630 857 2686 aut
880 2622 1002 2687 indocti
1028 2622 1179 2688 movebit.
1224 2622 1290 2687 Sed
1312 2645 1387 2686 cum
1412 2622 1454 2687 de

293 2723 448 2810 religione
462 2724 582 2810 agitur,
597 2724 648 2790 Ti.
679 2723 930 2803 Coruncanium,
946 2724 979 2790 P.
993 2724 1189 2811 Scipionem,
1205 2724 1239 2790 P.
1253 2724 1455 2802 Scaevolam,

249 2886 253 2891 .
293 2826 461 2913 pontifices
476 2826 643 2904 maximos,
657 2848 723 2891 non
743 2827 907 2891 Zenonem
928 2836 986 2891 aut
1009 2826 1202 2892 Cleanthem
1222 2836 1280 2893 aut
1299 2826 1454 2913 Chrysip-

294 2955 374 3018 pum
410 2955 533 3018 sequor,
573 2932 742 3017 habeoque
781 2932 818 2998 C.
857 2933 1014 3009 Laelium,
1053 2954 1209 3019 augurem
1246 2932 1453 3017 eundemque

294 3038 484 3123 sapientem,
512 3060 612 3123 quem
645 3038 756 3123 potius
792 3037 923 3103 audiam
960 3036 1123 3101 dicentem
1153 3036 1192 3101 de
1223 3036 1378 3122 religione
1417 3037 1453 3099 in
1471 3052 1503 3111 25
1541 3039 1546 3049 ”

294 3142 351 3206 illa
380 3143 523 3207 oratione
553 3142 655 3207 nobili
687 3165 787 3228 quam
820 3164 1018 3228 quemquam
1047 3141 1226 3229 principem
1260 3140 1454 3207 Stoicorum.

294 3245 445 3331 Cumque
470 3245 574 3311 omnis
600 3246 712 3332 populi
734 3244 873 3310 Romani
892 3244 1004 3330 religio
1027 3244 1062 3309 in
1086 3267 1175 3309 sacra
1198 3252 1232 3309 et
1253 3244 1288 3307 in
1308 3244 1456 3331 auspicia

294 3350 397 3415 divisa
417 3349 468 3428 sit,
486 3351 622 3415 tertium
640 3351 834 3435 adjunctum
849 3350 900 3427 sit,
915 3350 943 3415 si
958 3350 1036 3435 quid
1053 3349 1281 3437 praedictionis
1296 3370 1392 3413 causa
1411 3372 1455 3414 ex

293 3453 451 3538 portentis
475 3463 509 3519 et
533 3454 685 3519 monstris
705 3454 849 3537 Sibyllae
872 3454 1066 3540 interpretes
1088 3452 1314 3539 haruspicesve
1336 3474 1454 3517 monu-

293 3567 397 3636 erunt,
418 3560 535 3624 harum
555 3582 615 3645 ego
636 3558 831 3643 religionum
854 3558 977 3622 nullam
1000 3580 1157 3643 umquam
1179 3557 1453 3626 contemnendam
1468 3578 1503 3633 30

293 3665 408 3749 putavi
422 3665 568 3750 mihique
583 3666 631 3731 ita
645 3664 798 3751 persuasi,
814 3663 992 3731 Romulum
1012 3663 1173 3750 auspiciis,
1189 3663 1335 3730 Numam
1354 3663 1454 3729 saeris

1538 3634 1546 3660 t

343 3917 358 3967 7
371 3930 464 3978 puram
473 3914 542 3977 Bm,
557 3930 665 3978 parvam
675 3916 763 3975 AEVl,
777 3932 861 3980 parve
873 3916 927 3967 GV2
939 3916 997 3967 011.
1013 3922 1072 3971 1³4.
1163 3918 1249 3979 accepi
1261 3915 1378 3979 [BGEV]
1390 3915 1451 3967 Oxf.

292 3998 360 4058 Aac„
380 4000 465 4060 accipe
483 3997 514 4058 A,
534 3999 589 4061 cepi
608 4012 638 4047 or
650 4000 753 4061 percepi
770 3997 855 4049 Madv.
1026 4001 1041 4050 9
1057 4001 1098 4047 eia
1115 3997 1251 4061 [Acnpm
1268 3999 1292 4046 ei
1309 3997 1373 4047 Bvc
1391 3998 1450 4049 Oxf.

293 4080 325 4127 13
341 4080 415 4127 ducet
426 4077 483 4128 edd
497 4078 563 4127 atter
573 4077 680 4137 Heind.,
696 4080 768 4129 ducit
779 4093 837 4127 uss.
953 4080 985 4127 22
1003 4082 1043 4128 Ti.
1056 4078 1112 4129 edd.
1127 4078 1195 4127 after
1208 4078 1320 4139 Manat,
1334 4084 1351 4127 t.
1365 4076 1450 4139 A²B0,

293 4169 352 4210 teuc
369 4160 401 4219 Ε,
419 4174 470 4208 om.
487 4158 648 4210 A1cvr1us.
751 4161 938 4211 Coruncanium
957 4160 1100 4223 [soaph.
1116 4159 1182 4219 ort,
1199 4154 1373 4209 Ommatium
1387 4158 1449 4221 V¹0,

292 4257 396 4305 quorum
413 4244 514 4292 conium
530 4242 579 4293 AB.
721 4243 754 4291 24
772 4244 800 4293 C.
821 4245 939 4293 Laelium
955 4243 1038 4304 Bnu,
1062 4246 1163 4293 cleliam
1180 4242 1244 4304 ΑΨ,
1266 4244 1359 4291 delium
1378 4241 1449 4302 ost,
1539 4222 1546 4245 ’

295 4326 323 4374 0.
335 4326 436 4373 Lelium
445 4323 528 4383 V'ov,
544 4326 649 4387 plattam
663 4330 690 4382 B,
707 4326 794 4375 tetiam
810 4326 829 4375 C
846 4325 924 4387 (after
941 4325 1030 4377 erased
1045 4324 1139 4389 letter).
1255 4324 1287 4375 30
1303 4338 1347 4385 epo
1357 4322 1452 4373 Avuo

293 4404 352 4455 Oxf.
363 4404 430 4464 Asc„
442 4421 499 4466 erpo
510 4404 606 4464 BCEB,
619 4421 695 4469 seep.
710 4406 755 4455 31.
768 4407 793 4455 4.
