3109 5050
248 427 571 495 nm.111os1>.xv1,
595 427 773 495 xx1,xx11
796 407 835 503 ἐξ
858 416 909 496 41,
932 415 982 496 m,
1007 417 1143 486 53-55.
1233 412 1274 486 17

111 585 322 670 appellantur
350 584 493 649 Anactes
519 582 669 660 Athenis,
697 605 738 647 ex
768 605 843 668 rege
871 583 956 648 Jove
985 582 1210 668 antiquissimo
1240 593 1274 647 et

112 688 307 776 Proserpina
321 689 399 767 nati,
412 689 644 774 Tritopatreus,
655 687 834 765 Eubuleus,
846 687 1028 774 Dionysus3
1045 685 1178 752 secundi
1191 686 1274 751 Jove

111 793 212 858 tertio
238 795 308 859 nati
334 802 369 859 et
394 794 492 872 Leda,
514 794 630 860 Castor
656 802 690 859 et
716 793 851 873 Pollux;
880 793 970 858 tertii
994 792 1146 858 dicuntur
1168 816 1188 857 a
1209 815 1274 857 non

113 896 213 961 nullis
239 898 328 976 Alco,
351 898 543 984 Melampus,
565 898 709 975 Eviolus,
733 898 828 962 Atrei
855 896 923 976 filii,
948 898 1006 982 qui
1032 897 1150 982 Pelope
1176 904 1274 961 natus

73 1002 187 1086 5fuit.
230 1004 308 1068 Jam
338 1004 452 1069 Musae
481 1004 605 1089 primae
635 1012 793 1089 quattuor
822 1001 905 1068 Jove
932 1003 1035 1068 altero
1061 1008 1158 1067 natae
1188 1009 1274 1079 et...,
1288 1006 1326 1068 54

112 1108 302 1188 Thelxinoe,
316 1110 438 1188 Aoede,
454 1110 570 1188 Arche,
585 1109 724 1188 Melete3
746 1108 906 1174 secundae
920 1107 1004 1172 Jove
1019 1106 1116 1171 tertio
1132 1113 1166 1170 et
1182 1105 1274 1170 Mne·

112 1234 247 1296 mosyne
262 1221 448 1297 procreatae
462 1235 600 1293 novem;
623 1213 740 1277 tertiae
756 1212 851 1277 Piero
866 1220 962 1276 natae
978 1217 1011 1275 et
1026 1210 1178 1295 Antiopa,
1193 1231 1274 1294 quas

111 1314 259 1380 Pieridas
274 1322 309 1380 et
324 1314 445 1380 Pierias
467 1315 572 1380 solent
591 1321 708 1399 poetae
728 1315 900 1400 appellare,
915 1313 1018 1378 isdem
1039 1312 1225 1377 nominibus
1240 1321 1274 1377 et

111 1416 229 1480 eodem
249 1439 394 1495 numero,
416 1439 481 1502 quo
503 1416 670 1500 proximae
692 1415 881 1501 superiores.
926 1415 1074 1500 Cumque
1094 1422 1133 1480 tu
1154 1413 1273 1490 Solem,

54 1544 95 1582 10
111 1519 193 1604 quia
206 1521 293 1584 solus
308 1527 401 1596 esset,
415 1520 618 1604 appellatum
636 1541 706 1583 esse
725 1518 823 1597 dicas,
840 1519 932 1584 Soles
951 1517 1014 1603 ipsi
1028 1539 1127 1601 quam
1142 1517 1240 1582 multi
1255 1539 1275 1581 a

110 1621 274 1708 theologis
288 1623 516 1706 proferuntur!
547 1621 644 1686 Unus
659 1642 771 1686 eorum
786 1620 869 1685 Jove
881 1628 987 1699 natus,
999 1629 1098 1706 nepos
1113 1619 1274 1696 Aetheris,

111 1728 199 1792 alter
220 1728 418 1814 Hyperione,
440 1727 559 1793 tertius
582 1727 738 1804 Vulcano,
761 1725 833 1790 Nili
855 1725 931 1803 filio,
953 1725 1046 1810 cujus
1072 1725 1186 1790 urbem
1209 1724 1272 1788 Ae·

111 1831 221 1916 gyptii
240 1831 356 1897 volunt
377 1854 446 1897 esse
466 1854 549 1909 eam,
569 1853 653 1917 quae
674 1828 857 1915 Heliopolis
877 1829 1067 1914 appellatur,
1084 1839 1219 1914 quartus
1238 1827 1275 1907 ia,

111 1934 243 2019 †quem
270 1935 407 2000 heroicis
429 1935 631 2021 temporibus
660 1934 789 1998 Acanto
818 1932 929 1996 Rhodi
957 1932 1118 2018 peperisse
1146 1931 1274 2008 dicitur,

58 2064 94 2122 15
112 2037 225 2122 Ialysi,
241 2037 455 2104 (lamiritinde
472 2036 622 2119 Rhodi,†
636 2038 781 2122 quintus,
799 2037 856 2122 qui
875 2036 1003 2102 Colchis
1020 2037 1123 2102 fertur
1137 2036 1275 2101 Aeetam

112 2147 150 2204 et
162 2137 291 2204 Circam
304 2140 528 2224 procreavisse.
562 2140 674 2205 XXII.
704 2139 844 2204 Vulcani
855 2139 936 2204 item
947 2141 1136 2226 complures,
1151 2139 1275 2225 primus
1290 2147 1326 2207 55

112 2241 216 2307 Caelo
231 2250 336 2319 natus,
352 2266 393 2307 ex
408 2266 472 2328 quo
487 2252 522 2308 et
542 2243 691 2308 Minerva
707 2242 895 2329 Apollinem
915 2267 999 2322 eum,
1015 2243 1107 2329 cujus
1121 2243 1156 2306 in
1171 2243 1276 2308 tutela

166 2448 181 2497 1
198 2449 307 2497 Anactes
325 2444 375 2496 uss
387 2447 526 2510 generally,
543 2447 629 2500 Dares
641 2446 786 2508 sustineor,
807 2448 903 2496 Amnes
919 2445 978 2497 Seh.
993 2445 1047 2495 Mu.
1059 2445 1126 2496 after
1137 2442 1273 2495 Victorius.

114 2532 132 2579 2
151 2532 325 2594 Tritopatreus
337 2529 395 2579 011.
409 2534 485 2590 BV,
500 2532 561 2579 trito
571 2536 676 2593 patrans
687 2528 711 2577 X
721 2534 748 2590 B,
770 2530 947 2591 Tritopaiores,
962 2530 1074 2592 Zayreus
1085 2525 1275 2585 Hemsterhuis,

116 2613 298 2675 Tritopatores‚
320 2612 487 2673 Triptolemus
506 2609 599 2660 Rinclr.
709 2610 838 2659 Eubuleus
855 2608 913 2661 Oxi.
933 2609 1075 2674 [ABOEP],
1094 2611 1227 2659 eutulaeus
1244 2610 1276 2659 V.

114 2694 246 2757 Dionysus
257 2690 315 2741 edd.
326 2691 392 2741 after
403 2691 476 2753 Dav,
491 2693 620 2754 dionysius
632 2705 681 2741 uss
694 2690 768 2754 (with
780 2694 791 2741 i
806 2706 836 2740 or
851 2690 888 2755 y).
987 2692 1098 2753 secundi,
1111 2694 1215 2741 secundi
1227 2693 1276 2743 dno

114 2774 206 2837 cReg.
217 2774 276 2826 Seu
287 2774 422 2825 vaainson
429 2773 492 2824 with
500 2774 565 2823 Dav.
573 2774 626 2823 and
634 2772 730 2823 Heind.
821 2775 837 2821 4
848 2776 909 2823 Aleo
918 2781 943 2823 et
950 2776 1089 2838 Melampus
1098 2774 1155 2825 edd.
1166 2775 1219 2826 and
1227 2790 1277 2826 uss

113 2859 256 2922 generally,
266 2874 316 2910 om.
327 2866 351 2909 et
359 2859 390 2908 A.
457 2860 564 2909 Eoiolus
572 2858 694 2918 GPVMR‚
702 2860 798 2908 ooiolus
806 2858 836 2920 A,
846 2860 939 2907 oioolos
946 2858 968 2907 B
976 2858 1088 2921 bytom,
1099 2862 1154 2909 ecio
1164 2861 1196 2908 lis
1204 2859 1274 2923 Oxi,

115 2946 209 2994 anolus
219 2944 324 3004 EBILV,
342 2950 367 2992 et
383 2944 487 2991 Erectus
504 2948 530 3003 0,
550 2950 574 2992 et
587 2944 687 2992 Tmolus
699 2940 755 2993 edd.
770 2940 837 2991 after
848 2941 913 2990 Dav.
1004 2942 1019 2990 5
1036 2943 1098 2991 Jove
1111 2944 1190 2991 altero
1200 2950 1276 2993 rsatne

115 3028 313 3079 et...Theleinoe
330 3026 413 3074 Aoede
427 3025 486 3087 ud,
502 3032 578 3075 natae
595 3027 657 3074 Jove
673 3027 753 3074 altero
767 3030 831 3073 nota
846 3024 938 3072 Aethei
953 3025 1103 3073 ainoneoede
1119 3024 1150 3081 A,
1169 3039 1194 3073 n.
1209 3027 1236 3074 J.
1250 3041 1275 3075 a.

115 3125 143 3159 n.
155 3115 181 3159 et
191 3108 393 3157 theiainoneoede
404 3106 426 3153 B
439 3104 480 3170 (ex
496 3105 572 3170 corr.)
583 3105 641 3167 VH,
655 3121 681 3157 n.
694 3108 721 3155 J.
734 3121 759 3155 a.
771 3121 799 3155 n.
812 3111 836 3154 et
847 3107 953 3155 lecimus
965 3120 992 3154 eo
1004 3106 1046 3154 ede
1059 3105 1126 3167 Oxi,
1139 3121 1165 3155 n.
1177 3108 1204 3155 J.
1216 3122 1240 3156 n.
1253 3114 1277 3156 et

117 3193 201 3241 tteiai
217 3192 276 3239 ireos
293 3190 323 3238 de
340 3188 369 3251 P,
388 3195 447 3237 reate
463 3189 491 3237 J.
508 3204 533 3237 a.
549 3195 610 3237 nate
624 3196 649 3237 et
666 3190 718 3238 thei
733 3190 825 3237 ninone
840 3190 897 3238 cede
913 3187 976 3237 OBE
994 3188 1092 3254 (except
1106 3190 1165 3240 that
1181 3191 1204 3239 s
1220 3191 1276 3250 has,

116 3273 186 3322 after
203 3271 256 3322 2nd
269 3279 338 3329 nate,
355 3270 423 3321 ethei
436 3271 555 3319 einoneoe
572 3269 621 3333 de),
638 3277 714 3319 natae
731 3271 758 3318 J.
771 3286 796 3318 a.
810 3271 946 3319 Thelxinoe
964 3272 1044 3320 Aoede
1056 3270 1161 3333 Heind,
1174 3288 1200 3322 n.
1212 3276 1237 3324 J.
1250 3290 1275 3322 a.

117 3361 144 3403 ei
164 3354 241 3403 Neda
267 3354 355 3403 Phela.
374 3353 456 3401 Aoede
474 3349 592 3409 Orsuzer,
609 3366 635 3399 n.
652 3352 679 3399 J.
694 3367 718 3401 a.
737 3352 885 3402 et...I’lela.
904 3353 994 3401 Aoede.
1012 3351 1097 3409 Klotz,
1113 3354 1140 3402 J.
1157 3369 1182 3405 a.
1200 3362 1277 3404 natae

118 3439 209 3488 Thale.
221 3437 303 3486 Aoede
314 3434 369 3484 Mu.
380 3434 439 3487 Seh.
454 3434 498 3484 Or.
510 3434 556 3484 Ba.
640 3435 655 3484 6
672 3436 832 3498 Mnemosyne
845 3434 917 3497 [BP],
931 3436 1054 3484 nemosine
1066 3434 1088 3483 E
1099 3435 1155 3487 Oxi.
1168 3440 1276 3495 BHM,

116 3532 189 3566 nenio
199 3518 253 3565 sine
264 3516 287 3565 A
300 3514 412 3581 (iuras.)
424 3514 476 3564 GV.
575 3516 590 3565 ‘1
607 3516 697 3563 tertiae
714 3513 770 3565 edd.
792 3514 858 3564 alter
876 3514 997 3575 Gronov„
1016 3518 1106 3566 tertiae
1122 3518 1184 3567 Jove
1202 3521 1277 3569 tertio

117 3612 170 3648 uss
181 3597 322 3661 generally.
414 3598 499 3656 Piero,
511 3598 598 3647 Pierio
611 3596 684 3647 Psv.
792 3600 808 3647 8
824 3600 925 3648 Pierias
944 3596 972 3657 O,
986 3600 1084 3661 pierias
1102 3598 1190 3649 ΑΒΕΒ
1207 3600 1276 3661 ort,

112 3682 229 3745 proelias
247 3680 296 3739 Po,
309 3682 424 3743 pierides
443 3680 474 3732 V.
574 3681 590 3731 9
606 3696 654 3743 pue
672 3680 769 3743 [BEP],
789 3697 849 3744 qnos
869 3682 956 3732 Acvu
976 3682 1034 3735 Oxi.
1146 3687 1277 3747 prasimae

118 3767 160 3813 m
170 3760 266 3811 Heind.
279 3762 332 3813 Mu
347 3762 413 3812 aiter
425 3762 503 3812 Mars.
515 3762 613 3812 Victor.
630 3762 722 3811 Lamb.
735 3766 779 3812 aa.
794 3762 986 3828 (sesannia),
997 3769 1110 3827 promrm
1122 3780 1151 3815 or
1158 3782 1277 3829 morante

118 3857 170 3894 uss
182 3843 227 3893 Or.
238 3844 285 3893 Ba.
296 3843 355 3894 Sch.
435 3844 466 3894 10
482 3846 637 3907 appellatum
648 3842 766 3908 [acuPy
781 3846 923 3907 appellatus
934 3845 1006 3894 Bvu
1020 3846 1077 3895 Oxi.
1159 3849 1190 3897 14
1206 3865 1278 3912 quem

118 3927 166 3991 [X]
183 3927 252 3989 Ort,
273 3929 317 3976 eni
332 3928 396 3978 Dav.
417 3926 507 3977 Greuz.
528 3926 672 3988 Swainson,
692 3928 738 3989 ani
752 3932 846 3977 moll.
950 3930 1046 3979 Aeanto
1062 3930 1156 3989 Rhodi,
1172 3940 1278 3981 aeonion

118 4012 180 4061 mai
192 4010 289 4070 ABGV,
301 4012 415 4060 Achanto
425 4012 500 4060 rhodi
511 4010 543 4071 E,
557 4011 657 4059 acontii
668 4011 742 4059 rhodi
753 4010 783 4069 P,
796 4025 837 4059 see
848 4010 915 4071 Eng.
928 4025 976 4059 uss
988 4011 1041 4060 and
1052 4012 1152 4063 Gomm.
1246 4015 1277 4064 15

15 4091 16 4098 ’
117 4094 204 4158 Ialysi
220 4093 397 4143 eameritinder
413 4092 474 4141 todi
490 4105 540 4141 uss
556 4090 619 4140 with
635 4090 716 4154 slight
732 4090 882 4155 variatione,
902 4094 1016 4157 Ialysum
1029 4094 1156 4143 Oamirum
1165 4096 1278 4146 Lindum

119 4176 251 4227 Victorius
272 4176 394 4237 Hervug,
409 4190 490 4224 annm
508 4176 591 4239 Ialysi
613 4176 712 4224 Cameri
734 4181 759 4224 et
782 4177 862 4225 Lindi
882 4183 906 4225 et
925 4176 1013 4225 Rhodo
1034 4176 1112 4226 Mars.
1133 4176 1185 4227 and
1204 4178 1278 4240 (with

118 4260 205 4309 Rhodi
217 4258 258 4308 for
269 4265 294 4307 et
308 4259 370 4319 Rs.)
388 4256 531 4316 theu,
545 4264 622 4321 pater
637 4258 723 4321 Ialysi
742 4258 840 4308 Camiri
857 4264 881 4306 et
894 4258 974 4306 Lindi
986 4257 1051 4307 Dav.
1165 4262 1275 4323 Aeetam,

119 4350 203 4395 aetam
214 4340 333 4399 ABon,
351 4348 433 4391 oetam
446 4341 528 4391 ERV.
627 4340 658 4389 16
677 4341 778 4389 discam
789 4354 838 4390 uss
849 4340 987 4403 generally,
1006 4342 1103 4393 Circen
1114 4340 1167 4404 EV,
1188 4344 1278 4394 dircen

119 4432 150 4478 a.
252 4426 283 4476 17
299 4425 443 4488 Apollinem
453 4438 516 4482 mm,
528 4424 674 4487 Apollinum
684 4424 707 4473 is
717 4422 783 4471 Dav.

207 4542 287 4592 lae.
318 4540 368 4589 111.
1173 4527 1191 4585 2
