3109 5050
390 433 454 486 urs.
478 433 520 485 111
542 436 614 486 cnr.
639 433 728 499 xxn,
751 433 846 486 xxrrr
869 419 907 505 ἐξ
930 420 1067 487 55-60.
1266 413 1305 483 19

139 579 254 644 ferunt
277 579 446 664 accepisse.
491 579 618 645 Dianae
640 579 722 645 item
744 579 861 665 plures,
882 578 988 664 prima
1010 577 1102 644 Jovis
1124 586 1158 644 et
1181 577 1307 644 Proser·
1321 586 1358 646 58

125 672 249 770 pinse,
279 706 365 771 quae
394 684 568 770 pinnatum
598 683 797 769 Cupidinem
827 684 977 770 genuisse
1007 683 1137 762 dicitur,
1168 682 1308 748 secunda

139 789 259 868 notior,
281 811 382 874 quarn
406 788 490 854 Jove
513 789 612 854 tertio
635 797 669 855 et
692 789 818 854 Latona
840 797 952 854 natam
979 788 1168 874 accepimus,
1190 787 1307 852 tertiae

141 900 238 977 pater
260 891 345 977 Upis
369 891 519 969 traditur,
546 892 667 957 Glauce
690 901 814 972 mater3
844 913 916 957 eam
939 913 1035 977 saepe
1062 891 1178 957 Graeci
1202 891 1304 975 Upim

109 1014 126 1074 5
143 1003 283 1080 paterno
297 995 429 1060 nomine
445 995 621 1080 appellant.
665 995 825 1079 Dionysos
846 995 966 1060 multos
980 996 1148 1072 habemus,
1164 995 1306 1081 primum

141 1100 229 1166 Jove
247 1109 282 1165 et
303 1100 495 1187 Proserpina
514 1109 640 1179 natum,
657 1101 837 1166 secundum
858 1100 945 1177 Nilo,
966 1099 1023 1185 qui
1042 1100 1169 1185 Nysam
1186 1099 1307 1164 dicitur

144 1203 357 1283 interemisse,
379 1204 515 1269 tertium
539 1203 657 1269 Cabiro
680 1214 782 1289 patre,
802 1226 942 1290 eumque
964 1225 1074 1288 regem
1094 1203 1192 1267 Asiae
1214 1225 1306 1287 prae-

143 1306 245 1372 fuisse
260 1307 381 1384 dicunt,
399 1307 452 1371 cui
467 1306 604 1372 Sabazia
619 1315 697 1372 sunt
711 1307 874 1385 instituta,
888 1316 1042 1392 quartum
1057 1307 1139 1372 Jove
1154 1315 1188 1370 et
1203 1307 1310 1384 Luna,

143 1410 200 1474 cui
223 1433 313 1476 sacra
338 1411 481 1496 Orphica
506 1419 666 1496 putantur
691 1411 814 1488 confici,
840 1412 993 1498 quintum
1017 1411 1099 1476 Niso
1127 1418 1242 1475 natum
1272 1419 1305 1475 et

87 1538 128 1578 10
143 1513 289 1598 Thyone,
304 1536 325 1578 a
339 1535 403 1598 quo
424 1513 619 1581 'l'rieterides
637 1514 835 1580 constitutae
855 1521 1023 1598 putantur.
1069 1512 1180 1582 Venus
1200 1513 1306 1597 prima
1319 1520 1355 1579 69

144 1614 246 1680 Caelo
268 1625 302 1679 et
324 1615 388 1680 Die
410 1623 497 1693 nata,
517 1617 611 1700 cujus
631 1615 684 1679 Eli
703 1614 876 1679 delubrum
897 1613 1045 1692 vidimus,
1067 1615 1169 1679 altera
1190 1637 1305 1701 spuma

142 1727 320 1803 procreata,
345 1741 386 1783 ex
412 1740 478 1804 qua
507 1727 541 1784 et
571 1718 730 1784 Mercurio
757 1718 954 1804 Cupidinem
983 1719 1161 1784 secundum
1190 1727 1304 1784 natum

143 1823 338 1908 accepimus,
353 1823 452 1889 tertia
465 1824 549 1889 Jove
571 1833 650 1889 nata
669 1833 703 1889 et
717 1824 833 1903 Diona,
849 1845 933 1910 quae
947 1823 1059 1910 nupsit
1075 1824 1231 1901 Vulcano,
1248 1824 1304 1890 sed

143 1949 188 1992 ex
209 1950 249 1992 ea
270 1936 304 1993 et
327 1928 433 1992 Marte
455 1937 552 1994 natus
572 1929 714 1993 Anteros
734 1929 861 2007 dicitur,
882 1937 999 2015 quarta
1019 1928 1113 2014 Syria
1134 1928 1305 2015 Cyproque

87 2056 128 2116 15
144 2037 310 2114 concepta,
322 2051 405 2113 quae
418 2029 550 2095 Astarte
563 2039 702 2107 vocatur,
714 2052 814 2114 quam
826 2030 969 2094 Adonidi
980 2030 1126 2115 nupsisse
1140 2029 1304 2114 proditum

143 2140 204 2198 est.
249 2133 398 2198 Minerva
420 2133 533 2218 prima,
556 2156 654 2218 quam
677 2133 839 2217 Apollinis
864 2141 1002 2198 matrem
1029 2132 1303 2218 supradiximus,
1385 2141 1387 2146 ’

142 2236 288 2302 secunda
312 2247 384 2303 orta
410 2238 497 2315 Nilo,
522 2261 621 2324 quam
647 2237 803 2324 Aegyptii
828 2238 941 2303 Saitae
968 2237 1087 2313 colunt,
1113 2235 1213 2300 tertia
1238 2236 1304 2314 illa,

143 2363 245 2426 quam
270 2364 291 2405 a
311 2341 394 2406 Jove
420 2349 608 2427 generatam
632 2364 730 2428 supra
753 2342 904 2419 diximus,
931 2349 1048 2427 quarta
1067 2341 1150 2406 Jove
1172 2348 1250 2405 nata
1272 2350 1306 2406 et
1355 2391 1358 2396 -

144 2443 307 2532 Coryphe,
336 2445 459 2510 Oceani
487 2445 564 2519 filia,
598 2468 698 2531 quam
732 2445 875 2512 Arcades
911 2445 1034 2534 Κορέαν
1065 2445 1237 2510 nominant
1271 2453 1306 2512 et

85 2577 131 2616 20
145 2550 378 2636 quadrigarum
393 2552 606 2617 inventricem
621 2552 741 2630 ferunt,
757 2550 873 2636 quinta
892 2550 1058 2629 Pallantis,
1074 2573 1159 2636 quae
1178 2558 1305 2635 patrem

145 2654 267 2720 dicitur
295 2656 498 2721 interemisse
523 2656 748 2742 virginitatem
777 2678 871 2721 suam
901 2656 1020 2720 violare
1046 2664 1225 2732 conantem,
1252 2656 1306 2721 cui

145 2760 321 2846 pinnarum
341 2762 458 2832 talaria
477 2762 624 2847 affigunt.
668 2761 797 2848 Cupido
821 2761 944 2846 primus
967 2760 1126 2826 Mercurio
1147 2768 1181 2827 et
1198 2761 1306 2825 Diana
1319 2771 1356 2829 60

146 2864 253 2948 prima
278 2874 375 2931 natus
405 2867 532 2943 dicitur,
557 2866 717 2932 secundus
748 2865 908 2930 Mercurio
938 2874 972 2930 et
1002 2865 1128 2931 Venere
1157 2866 1306 2944 secunda,

122 2969 273 3047 tertius,
295 2969 353 3055 qui
370 2970 458 3035 idern
480 2978 530 3035 est
551 2970 699 3047 Anteros,
720 2969 826 3034 Marte
847 2978 881 3034 et
902 2969 1028 3034 Venere
1049 2970 1154 3035 tertia.
1195 2970 1306 3055 Atque

90 3094 130 3154 25
147 3073 228 3139 haec
242 3074 374 3159 quidem
389 3076 524 3160 aliaque
540 3074 714 3160 ejusmodi
729 3096 769 3138 ex
784 3082 893 3138 vetere
907 3073 1059 3139 Graeciae
1074 3074 1161 3139 fama
1174 3074 1307 3139 collecta

146 3183 233 3252 sunt,
253 3175 372 3260 quibus
394 3176 557 3263 intellegis
576 3176 793 3241 resistendum
816 3197 894 3253 esse,
916 3198 958 3241 ne
980 3176 1211 3260 perturbentur
1232 3176 1306 3241 reli-

146 3280 267 3367 giones.
312 3280 422 3347 Vestri
447 3288 560 3347 autem
585 3304 649 3346 non
681 3281 776 3345 modo
806 3279 886 3346 haec
911 3303 979 3344 non
1005 3281 1168 3360 refellunt,
1194 3304 1306 3346 verum

199 3449 213 3495 1
230 3449 361 3510 accepisse,
373 3448 494 3510 accipiere
505 3448 560 3498 ΒΕ.
637 3450 652 3496 3
671 3450 761 3499 tertiae
768 3455 965 3510 puter-uatum
975 3450 1113 3511 accepimus
1124 3449 1187 3508 §59,
1197 3448 1305 3498 om.OB.

149 3530 241 3578 tertiae
248 3536 332 3591 pater,
347 3531 448 3579 tertiae
456 3536 532 3591 putre
543 3528 575 3587 Ε,
588 3531 665 3579 tertia
672 3536 749 3591 patre
759 3528 801 3578 Bl.
899 3529 916 3577 4
932 3544 1004 3592 saepe
1018 3530 1116 3590 Graeci,
1133 3530 1223 3579 Graeci
1233 3544 1306 3592 saepe

148 3610 196 3659 U't'
208 3609 269 3659 Sch.
352 3611 367 3661 6
384 3612 488 3675 Nysam,
499 3610 649 3661 seeComm.
736 3613 751 3662 7
769 3613 862 3661 Cabiro
873 3612 926 3663 Jac.
943 3612 1066 3673 Gronau,
1080 3614 1166 3675 cuprio
1177 3611 1308 3663 ABanv

148 3691 220 3753 Oxt,
234 3707 327 3756 cepryo
337 3692 368 3742 V.
494 3696 510 3743 6
527 3696 571 3743 cut
583 3695 695 3743 Sabazia
707 3693 817 3755 Manat,
831 3695 901 3755 cujus
913 3696 1008 3743 abaeee
1018 3694 1114 3745 ΔΕΒ
1124 3694 1182 3745 Orf.
1191 3704 1224 3755 ÷,
1237 3696 1307 3757 cujas

147 3775 262 3823 abaeeea
275 3774 348 3825 BPV.
478 3777 494 3825 9
511 3776 600 3839 confici
616 3789 679 3825 corr.
696 3789 727 3824 ex
739 3776 835 3838 conjeci
845 3774 899 3825 AV.
998 3778 1070 3836 Niso,
1082 3779 1151 3842 Nyso
1164 3776 1306 3828 Swainson.

149 3856 181 3904 11
198 3857 247 3904 Eli
258 3856 387 3905 delubrum
397 3855 502 3907 B1Prrv
512 3856 570 3918 Ba,
584 3857 750 3905 elidelubrum
761 3856 814 3917 AV,
834 3859 1001 3907 elidulubrum
1019 3858 1086 3916 Oxf,
1105 3860 1167 3908 lulla
1180 3859 1308 3908 delubrum

110 3994 114 3999 .
147 3938 182 3999 M,
202 3939 256 3987 teli
272 3939 296 3986 d.
313 3937 354 4001 Bl,
374 3940 450 3989 Elide
467 3941 597 3989 delubrum
614 3940 658 3989 Or.
676 3938 736 3990 sih.
749 3939 803 3989 Mu.
911 3943 942 3991 13
958 3944 1105 4004 accepimus,
1125 3943 1261 4005 accipimur
1277 3942 1307 3992 P.

150 4018 183 4067 14
200 4020 289 4086 Syria,
300 4020 363 4068 attia
373 4018 415 4077 V2,
431 4021 494 4070 sirio
506 4019 565 4069 Oxi.
685 4020 815 4084 Cyproque
826 4025 857 4085 v,
869 4020 987 4081 Orsuaer,
1004 4037 1110 4086 agroque
1127 4023 1307 4085 ABcvarro,

150 4106 255 4164 tyroque
271 4098 303 4159 E,
323 4101 422 4161 atroque
439 4099 499 4149 uxr.
525 4145 527 4149 .
615 4099 646 4148 17
663 4100 752 4148 Saitae
773 4098 830 4151 edd.
852 4100 919 4151 after
936 4101 1023 4163 Mars,
1041 4104 1151 4153 adlaetae
1163 4104 1193 4165 A,
1212 4106 1308 4155 teletae

149 4181 203 4240 BC,
220 4183 298 4230 talete
317 4182 472 4241 1111116119,
489 4184 564 4233 solete
583 4184 653 4245 ou,
671 4185 773 4233 celetem
791 4183 819 4233 P.
965 4186 995 4234 18
1012 4201 1029 4233 a
1047 4186 1109 4235 Jove
1132 4186 1228 4245 ABCP,
1248 4189 1308 4250 Jove

149 4262 199 4312 EV
210 4262 269 4312 011.
282 4262 343 4313 Sch.
435 4265 466 4315 19
482 4267 574 4328 Καρίαν
584 4265 628 4316 Or.
640 4266 687 4314 Ba.
701 4265 765 4324 Mu,
779 4266 876 4315 (lustau
885 4266 1083 4325 armaveris,
1103 4268 1204 4317 Cortum
1215 4269 1273 4321 Oxf.
1282 4280 1303 4323 ÷

150 4344 213 4397 fich.
307 4347 339 4395 24
356 4349 401 4409 qut
412 4350 479 4397 idem
489 4356 526 4397 eat
537 4348 594 4398 edd.
606 4348 674 4398 after
683 4347 758 4409 Dav,
778 4350 879 4410 quidem
890 4355 927 4397 est
938 4363 995 4399 uss.
1088 4351 1120 4399 25
1137 4352 1239 4415 altaque
1251 4352 1308 4403 edd.

149 4427 219 4477 aiter
229 4427 305 4489 Dav,
319 4436 394 4491 atque
406 4430 429 4478 V
440 4429 496 4479 oxa
512 4433 617 4489 116111,
630 4437 654 4479 et
664 4430 706 4488 B'2,
718 4446 765 4480 om.
777 4429 979 4490 AB¹GEPBH÷,
992 4431 1024 4481 cl.
1037 4433 1050 4491 5
1062 4431 1093 4480 62
1104 4447 1130 4494 p.
1143 4435 1183 4483 24.

1137 4535 1220 4596 2-2
