3109 5050
226 385 267 447 14
612 398 658 446 DE
681 399 823 448 NATURA
846 401 1000 451 DEORUM.

224 547 311 614 inest
325 547 360 612 in
375 547 562 632 corporibus
576 548 705 625 nostris,
718 550 828 627 efficit,
842 558 881 616 ut
901 551 1090 630 sentiamus
1104 575 1169 617 non
1189 560 1296 636 potest
1314 552 1390 637 ipse

225 671 295 714 esse
320 649 391 716 sine
417 671 523 716 sensu.
571 650 698 717 Rursus
726 652 841 718 eadem
871 652 937 716 dici
966 661 1120 738 possunt:
1150 654 1304 738 quioquid
1335 663 1391 718 est

225 754 322 830 enim,
336 754 422 840 quod
438 777 569 820 sensum
584 755 715 832 habeat,
729 755 763 819 id
778 777 908 822 necesse
924 763 974 822 est
992 757 1112 822 sentiat
1133 766 1167 822 et
1181 759 1386 842 voluptatem

225 864 260 922 et
285 857 447 938 dolorem3
471 858 513 922 ad
540 881 640 944 quem
665 867 777 924 autem
802 859 891 924 dolor
915 860 1035 936 veniat,
1057 860 1097 924 ad
1122 861 1262 925 eundem
1284 861 1386 925 etiarn

226 961 397 1028 interitum
416 962 536 1029 venire.
580 963 636 1028 Ita
652 963 700 1041 fit,
719 972 757 1030 ut
775 985 818 1030 ne
837 963 948 1050 ignem
966 964 1099 1050 quidem
1114 965 1239 1030 effioere
1256 967 1387 1050 possitis
1429 987 1449 1047 5

175 1075 213 1134 37
226 1073 405 1132 aeternum.
448 1066 537 1147 Quid
555 1067 667 1132 enirn?
689 1089 755 1132 non
775 1067 879 1132 isdem
901 1068 991 1133 vobis
1011 1067 1117 1154 placet
1132 1091 1261 1134 omnem
1276 1070 1386 1154 ignem

226 1177 339 1254 postus
353 1168 498 1254 indigere
512 1193 573 1236 neo
592 1193 781 1256 permanere
796 1171 863 1236 ullo
879 1170 974 1236 modo
991 1193 1092 1257 posse,
1107 1173 1170 1237 nisi
1190 1173 1319 1237 alatur?
1341 1173 1388 1236 ali

226 1280 338 1338 autern
367 1271 478 1351 solem,
508 1271 631 1350 lunam,
660 1273 786 1359 reliqua
815 1282 903 1340 astra
925 1275 1028 1358 aquis,
1054 1274 1118 1339 alia
1141 1274 1297 1352 dulcibus,
1321 1275 1388 1340 alia

227 1375 382 1440 marinis?
427 1376 573 1461 Eamque
588 1399 719 1442 eausam
735 1377 911 1444 Cleanthes
926 1378 1030 1455 affert,

386 1528 444 1564 cur
467 1527 502 1564 se
525 1511 574 1564 sol
597 1511 724 1566 referat
746 1530 806 1567 nee
830 1513 963 1584 longius
987 1513 1223 1584 progrediatur
1404 1541 1446 1578 10

387 1599 570 1654 solstitiali
594 1599 667 1656 orbi

228 1717 373 1804 itemque
388 1718 538 1796 brumali,
554 1741 596 1782 ne
612 1719 740 1806 longius
754 1720 900 1785 discedat
915 1744 935 1784 a
950 1722 1029 1787 cibo.
1075 1722 1148 1786 Hoc
1162 1731 1271 1787 totum
1290 1723 1390 1807 quale

228 1822 280 1898 sit,
299 1843 395 1902 m0x3
416 1843 503 1886 nuno
523 1829 633 1886 autem
654 1823 866 1889 concludatur
884 1824 985 1890 illud:
1009 1826 1096 1911 quod
1117 1825 1251 1890 interire
1273 1825 1385 1910 possit,

227 1925 261 1989 id
284 1934 455 1991 aeternum
477 1949 542 1990 non
564 1948 634 1990 esse
656 1935 793 2008 natura;
814 1929 925 2014 ignem
945 1937 1057 1993 autem
1078 1928 1288 1994 interiturum
1308 1952 1388 2007 esse,

227 2029 288 2094 nisi
305 2029 429 2110 alatur;
450 2052 515 2093 non
531 2052 600 2094 esse
615 2029 716 2116 igitur
729 2039 847 2096 natura
861 2031 971 2118 ignem
986 2031 1227 2117 sempiternum.
1405 2057 1442 2117 15

177 2136 215 2196 38
292 2133 365 2198 XV.
409 2134 549 2214 Qualem
571 2142 682 2199 autem
705 2135 803 2200 deum
825 2136 1015 2222 intellegere
1033 2159 1091 2201 nos
1111 2159 1281 2221 possumus
1295 2138 1388 2202 nulla

147 2319 150 2325 Ι
228 2237 350 2302 virtute
366 2238 573 2323 praeditum?
618 2238 705 2318 Quid
721 2239 831 2303 enim?
855 2239 1104 2324 prudentiamne
1119 2239 1179 2304 deo
1196 2240 1388 2316 tribuemus,

228 2363 312 2425 quae
337 2350 465 2406 constat
488 2364 528 2406 ex
552 2341 689 2406 seientia
713 2363 823 2406 rerum
849 2342 1007 2406 bonarum
1034 2351 1068 2406 et
1091 2343 1248 2406 malarum
1271 2350 1305 2407 et
1327 2365 1388 2407 neo

227 2444 387 2509 bonarum
409 2466 468 2509 neo
490 2445 675 2510 malarum?
719 2445 783 2510 oui
805 2446 883 2509 mali
906 2446 990 2509 nihil
1016 2455 1065 2511 est
1089 2469 1148 2511 nec
1175 2469 1243 2510 esse
1269 2454 1388 2533 potest,

228 2548 308 2634 quid
326 2548 403 2612 huie
423 2570 504 2633 opus
524 2556 574 2613 est
594 2548 716 2613 dilectu
738 2549 898 2613 bonorum
919 2557 953 2614 et
974 2550 1157 2615 malorum?
1179 2550 1259 2634 quid
1274 2558 1386 2615 autem
1405 2582 1443 2621 20

228 2651 377 2715 ratione?
406 2651 483 2736 quid
509 2652 759 2737 intellegentia?
789 2652 909 2737 quibus
935 2652 1060 2717 utimur
1085 2653 1125 2717 ad
1150 2676 1223 2717 eam
1247 2675 1324 2730 rem,
1348 2662 1387 2717 ut

229 2754 349 2840 apertis
364 2754 499 2818 obseura
513 2776 724 2839 assequamur
733 2779 740 2834 ;
762 2764 798 2819 at
814 2755 985 2820 obscurum
1001 2755 1061 2820 deo
1081 2756 1165 2819 nihil
1184 2764 1292 2840 potest
1308 2778 1385 2820 esse.

229 2860 316 2924 Nam
337 2859 479 2944 justitia,
505 2881 589 2944 quae
614 2882 710 2924 suum
736 2860 853 2946 cuique
878 2860 1053 2938 distribuit,
1075 2860 1155 2945 quid
1178 2861 1322 2945 pertinet
1345 2860 1386 2925 ad

229 2964 328 3028 deosl
357 2962 526 3026 hominum
550 2962 639 3026 enim
664 2962 801 3027 societas
824 2971 857 3027 et
883 2963 1107 3041 communitas,
1129 2972 1168 3028 ut
1190 2986 1245 3027 vos
1271 2964 1387 3040 dicitis,

224 3064 390 3151 justitiam
412 3066 602 3149 procreavit.
648 3064 882 3149 Temperantia
903 3075 1015 3131 autem
1038 3074 1164 3131 constat
1185 3090 1225 3131 ex
1246 3074 1387 3151 praeter·
1405 3092 1444 3151 25

229 3167 399 3233 mittendis
425 3168 648 3253 voluptatibus
674 3168 822 3253 eorporis,
846 3169 899 3232 cui
923 3169 950 3233 si
976 3169 1063 3233 loeus
1087 3169 1122 3240 in
1147 3170 1235 3233 eaelo
1258 3177 1316 3247 est,
1339 3177 1389 3233 est

230 3273 329 3337 etiam
352 3272 583 3357 voluptatibus.
628 3272 717 3337 Nam
740 3273 832 3337 fortis
852 3273 931 3337 deus
951 3256 1099 3361 intellegi
1122 3274 1179 3358 qui
1201 3278 1331 3357 potest?
1354 3274 1387 3335 in

230 3377 362 3443 doloret
392 3399 435 3440 an
459 3377 494 3440 in
524 3376 655 3442 laboret
685 3400 728 3441 an
754 3378 789 3441 in
819 3379 985 3463 periculo?
1017 3402 1154 3464 quorum
1180 3380 1279 3444 deum
1305 3379 1388 3443 nihil

177 3485 215 3543 39
229 3480 374 3565 attingit.
406 3480 479 3545 Neo
493 3480 618 3544 ratione
629 3480 730 3565 igitur
744 3489 894 3545 utentem
910 3504 969 3547 nec
983 3482 1106 3547 virtute
1122 3483 1189 3547 ulla
1203 3482 1388 3568 praeditum

230 3585 328 3649 deum
344 3584 533 3669 intellegere
548 3584 606 3668 qui
619 3590 813 3669 possumus?
1404 3606 1445 3661 30

295 3688 367 3753 Nec
387 3710 463 3751 vero
483 3689 575 3774 vulgi
592 3696 691 3773 atque
712 3688 937 3775 imperitorum
952 3688 1115 3753 inscitiam
1131 3688 1294 3775 despicere
1317 3711 1389 3774 pos-

279 3904 310 3951 11
327 3903 460 3952 solstitiali
475 3901 620 3965 [BOEPW]
635 3902 702 3965 oar,
720 3905 865 3952 aolistttiali
876 3903 931 3953 ΑΨ
943 3903 1034 3966 (Orelli
1050 3903 1119 3965 gives
1132 3902 1264 3955 instanoea
1277 3905 1306 3953 ol
1320 3920 1390 3955 same

229 3989 298 4037 form
308 3984 338 4035 in
349 3985 423 4035 other
434 3983 540 4034 ancient
551 3983 619 4049 uss),
636 3987 783 4035 solatietoli
794 3989 820 4035 R
923 3986 979 4034 orbi
989 3984 1077 4035 AGPV
1089 3984 1146 4037 Oxf.
1161 3989 1189 4045 B,
1207 3986 1264 4035 orte
1277 3984 1389 4035 Bnmrv

231 4068 291 4120 Seh.
404 4068 435 4118 16
451 4082 495 4117 nos
507 4066 648 4131 [ABCEPL
666 4082 717 4115 oon
728 4066 752 4114 V
763 4066 820 4118 Oxf.
835 4071 935 4127 ΗΠΒ,
949 4080 1001 4115 om.
1014 4070 1060 4119 00.
1170 4068 1201 4117 19
1218 4068 1287 4116 nihil
1298 4074 1334 4116 est
1344 4082 1389 4116 aee

231 4165 290 4211 ease,
302 4150 371 4198 artu
382 4163 432 4197 esre
447 4162 492 4197 noo
508 4162 558 4197 essa
570 4146 620 4211 VO,
639 4149 707 4197 nihil
718 4162 768 4196 esse
779 4162 876 4197 neeesse
888 4145 946 4195 Oxi.
958 4150 994 4195 Μ.
1126 4146 1158 4195 20
1175 4148 1270 4197 dilecta
1281 4146 1389 4195 ABEPB

232 4231 332 4291 Oxl.÷,
351 4231 449 4279 delectu
464 4228 550 4283 GV÷.
681 4230 713 4277 23
730 4229 863 4279 daemonia
878 4242 928 4279 uss
943 4228 1075 4291 generally
1086 4229 1130 4279 Or.
1143 4228 1202 4279 Soh.
1215 4229 1279 4290 Mu,
1299 4233 1389 4281 tribuit

231 4312 254 4359 Ε
266 4312 312 4363 Ba.
424 4312 457 4362 27
473 4313 589 4374 iatellepi
600 4312 645 4376 qui
656 4324 720 4361 oorr.
733 4311 765 4361 [τ.
776 4312 909 4373 intellegat
920 4310 951 4373 A,
959 4324 1016 4371 om.
1029 4313 1074 4373 qui
1085 4310 1152 4363 GBG.
1193 4318 1197 4327 “
1264 4310 1296 4361 31
1313 4313 1387 4361 inaci-

232 4394 297 4443 tiam
308 4406 373 4441 oorr.
384 4391 416 4440 fr.
428 4392 546 4441 inscitum
556 4391 610 4442 AV.
