3109 5050
287 421 330 484 31
670 429 717 478 ns
739 427 882 478 urruns
904 428 1059 478 osonum

236 585 274 646 82
287 579 486 647 lentissimae
501 587 536 644 et
549 577 756 644 beatissimae
771 575 933 656 civitatis;
956 596 1055 662 qnam
1075 576 1195 640 multos
1213 583 1288 640 ante
1306 576 1398 640 hunc
1421 575 1466 640 in

287 688 357 774 ipso
383 684 538 751 Graeciae
563 683 640 748 flore
664 682 871 746 Pisistratus!
917 680 965 745 At
990 680 1146 758 Phalaris,
1171 689 1207 746 at
1233 679 1468 765 Apollodorus
1535 703 1536 796 p

288 811 409 876 poenas
428 786 571 852 sustulit.
617 785 734 850 Multis
753 782 887 869 quidem
909 793 987 849 ante
1009 783 1159 848 cruciatis
1177 793 1210 848 et
1228 784 1358 848 necatis.
1408 784 1469 848 Et
1535 799 1536 870 l

289 889 467 976 praedones
482 887 577 952 multi
593 909 689 972 saepe
705 908 825 972 poenas
840 887 930 963 dant,
944 907 1004 950 nec
1022 893 1132 949 tamen
1154 907 1324 970 possumus
1342 883 1467 948 dicere

289 1017 355 1060 non
383 994 492 1079 plures
522 991 666 1077 captivos
695 992 810 1055 acerbe
839 1012 938 1074 quam
968 989 1147 1075 praedones
1176 997 1313 1053 necatos.
1359 988 1464 1051 Ana·
1508 985 1536 1064 5}

290 1096 446 1163 sarchum
461 1096 705 1161 Democriteum
720 1117 741 1159 a
755 1094 875 1180 Cyprio
890 1103 1029 1178 tyranno
1045 1093 1307 1157 excarnificatum
1325 1093 1464 1176 accepi-

290 1224 373 1279 mus,
395 1201 561 1266 Zenonem
587 1199 686 1263 Eleae
709 1198 745 1278 in
768 1197 940 1262 tormentis
964 1204 1126 1262 necatum.
1170 1196 1257 1276 Quid
1279 1196 1385 1259 dicam
1409 1196 1461 1258 de

292 1307 432 1382 Socrate,
444 1304 537 1390 cujus
552 1303 650 1367 morti
665 1301 851 1366 illacrimari
866 1301 952 1366 soleo
963 1301 1132 1365 Platonem
1148 1301 1282 1386 legens?
1305 1300 1460 1364 Videsne

291 1411 393 1496 igitur
417 1409 551 1474 deorum
571 1408 705 1494 judicio,
728 1407 756 1472 si
783 1407 896 1471 vident
920 1428 971 1470 res
997 1405 1164 1483 humanas,
1187 1405 1357 1469 discrimen
1380 1427 1458 1468 esse

239 1517 278 1578 8³
291 1514 480 1579 sublatumi
524 1511 681 1576 XXXIV.
718 1510 882 1594 Diogenes
897 1508 1030 1594 quidem
1046 1508 1187 1594 Cynicus
1202 1509 1307 1572 dicere
1325 1509 1457 1573 solebat
1478 1529 1521 1566 ιο

292 1614 484 1700 Harpalum,
499 1614 556 1699 qui
578 1613 779 1698 temporibus
801 1612 866 1676 illis
888 1612 1007 1696 praedo
1030 1611 1108 1676 felix
1131 1613 1319 1691 habebatur,
1337 1619 1458 1676 contra

291 1717 369 1781 deos
388 1716 614 1781 testimonium
635 1715 749 1792 dicere,
765 1715 852 1800 quod
870 1715 906 1777 in
925 1714 982 1779 illa
1002 1715 1132 1780 fortuna
1150 1723 1218 1778 tam
1241 1714 1297 1778 diu
1316 1715 1456 1778 viveret.

291 1819 474 1905 Dionysius,
497 1820 538 1884 de
562 1841 626 1904 quo
655 1828 732 1882 ante
754 1818 832 1895 dixi,
854 1841 929 1882 cum
959 1819 1071 1882 fanum
1102 1818 1311 1903 Proserpinae
1341 1818 1456 1882 Locris

292 1923 506 2008 expilavisset,
539 1923 716 2008 navigabat
750 1923 943 2006 Syracusas;
981 1921 1074 2006 isque
1104 1923 1185 1986 'curn
1218 1921 1455 1986 secundissimo

290 2034 389 2091 vento
418 2048 548 2091 cursum
580 2035 717 2103 teneret,
747 2025 856 2089 ridens
886 2024 1131 2101 ‘Videtisne’,
1160 2025 1277 2110 inquit,
1308 2024 1452 2100 ‘amici
1475 2044 1512 2103 15

291 2151 402 2213 quam
431 2130 529 2195 bona
558 2151 579 2193 a
607 2129 666 2193 dis
703 2129 984 2193 immortalibus
1020 2129 1217 2213 navigatio
1253 2129 1454 2213 sacrilegis

291 2233 442 2298 deturi'
485 2233 595 2319 quue
609 2233 707 2296 homo
725 2240 840 2296 acutus
863 2255 938 2296 cum
960 2232 1045 2296 bene
1067 2232 1227 2317 planeque
1246 2233 1454 2317 percepisset,

291 2337 326 2401 in
344 2337 458 2402 eadem
476 2336 639 2401 sententia
660 2336 897 2421 perseverabat.
942 2335 1008 2416 Qui
1030 2336 1169 2400 eumad
1191 2335 1453 2420 Peloponnesum

290 2440 425 2504 classem
443 2439 622 2525 appulisset
641 2448 676 2503 et
695 2439 731 2503 in
749 2440 862 2502 fanum
878 2439 1021 2504 venisset
1039 2441 1061 2504 J
1063 2439 1131 2504 ovis
1147 2439 1300 2524 Olympii,
1315 2462 1453 2504 aureum

291 2543 322 2607 ei
348 2543 490 2608 detraxit
516 2542 691 2607 amiculum
718 2542 835 2629 grandi
861 2542 1011 2626 pondere,
1039 2566 1103 2628 quo
1129 2544 1246 2607 Jovem
1276 2552 1406 2607 ornarat
1435 2562 1510 2606 e20

291 2646 453 2711 manubiis
477 2645 805 2730 Karthaginiensium
827 2654 986 2729 tyrannus
1007 2646 1095 2723 Gelo,
1112 2654 1210 2731 atque
1233 2646 1267 2709 in
1290 2668 1327 2710 eo
1349 2646 1453 2710 etiam

291 2747 460 2812 cavillatus
475 2758 525 2812 est
540 2757 665 2812 aestate
685 2770 783 2832 grave
800 2769 869 2811 esse
885 2770 1019 2812 aureum
1038 2747 1223 2826 amiculum,
1239 2749 1346 2813 hieme
1362 2750 1453 2833 frigi-

291 2851 378 2928 dum,
395 2850 490 2936 eique
512 2849 644 2915 laneum
665 2850 801 2934 pallium
823 2850 944 2935 injecit,
960 2873 1034 2914 cum
1056 2850 1090 2914 id
1109 2873 1177 2915 esse
1197 2851 1237 2915 ad
1258 2874 1353 2916 omne
1373 2854 1454 2915 anni

291 2962 422 3041 tempus
439 2954 569 3018 diceret.
615 2954 773 3037 Idemque
788 2953 975 3038 Aesculapii
991 2954 1147 3039 Epidauri
1166 2955 1300 3019 barbam
1319 2977 1453 3019 auream

343 3203 356 3249 1
374 3201 470 3261 multos,
483 3202 576 3249 multas
588 3199 663 3248 GEP.
778 3204 794 3250 3
810 3204 922 3262 sustulit,
937 3204 986 3251 luit
998 3202 1079 3251 Cobet
1090 3217 1116 3265 p.
1125 3204 1181 3252 463.
1280 3212 1304 3253 et
1311 3206 1454 3267 praedones

293 3296 350 3339 uss,
362 3282 440 3331 etiam
447 3296 487 3343 pr.
502 3281 550 3330 Ba.
562 3282 630 3330 alter
644 3281 739 3333 Heind.
842 3284 858 3330 8
874 3285 940 3332 soleo
952 3285 1083 3333 Platonem
1097 3284 1154 3336 Oxi.
1169 3287 1195 3347 0,
1214 3287 1280 3335 soleo
1292 3288 1309 3335 l.
1320 3288 1454 3335 Platonem

293 3365 370 3414 ABV.
469 3365 500 3412 11
512 3366 582 3427 selis
593 3365 643 3423 Bo,
655 3366 718 3428 filia
729 3364 850 3424 AOEPV,
863 3367 936 3428 sulio
947 3366 1006 3415 Oxl.
1019 3370 1053 3426 11,
1067 3370 1144 3430 fllica
1160 3372 1188 3425 B,
1206 3370 1299 3431 inseiis
1312 3370 1455 3430 panphilia

293 3445 398 3504 alvea,
414 3447 444 3493 iu
456 3444 609 3507 perspicatia
626 3444 743 3494 Gruter's
761 3444 817 3494 Pal.
833 3446 858 3503 4,
876 3448 905 3495 iu
922 3448 1077 3511 Pamphylia
1089 3450 1159 3512 felic
1176 3448 1282 3509 Heius,
1302 3452 1331 3497 ia
1349 3452 1418 3499 silua
1436 3455 1454 3499 (l

293 3533 364 3593 Bag,
384 3545 490 3578 summus
502 3529 613 3586 Um,
624 3529 716 3577 nobilis
728 3528 812 3579 Madv.
826 3543 867 3590 ap.
882 3528 974 3577 Foroh.
986 3544 1012 3591 p.
1025 3532 1065 3579 30.
1166 3532 1196 3579 13
1213 3533 1454 3595 Dionysius-eolla

293 3629 386 3663 sumere
398 3615 434 3675 (p.
444 3613 484 3669 35,
496 3611 515 3659 l.
523 3612 548 3676 9)
561 3611 651 3674 copied
661 3610 690 3660 in
701 3611 759 3661 Val.
771 3612 841 3662 Max.
853 3627 864 3661 1
877 3614 890 3661 1
903 3617 967 3663 extr.
980 3616 1005 3662 3.
1112 3615 1143 3663 14
1160 3617 1309 3677 Syracusas,
1321 3630 1454 3664 seracums

294 3692 357 3752 sv1,
374 3696 501 3742 siracusas
518 3692 577 3741 Oxi.
693 3693 724 3743 17
741 3694 818 3756 idque
834 3693 936 3755 Lamb,
956 3702 1032 3757 atque
1044 3694 1155 3743 ACEPV
1167 3695 1234 3743 Mus.
1250 3694 1317 3755 Oxi,
1336 3698 1412 3757 atqui
1422 3695 1453 3742 Β.

295 3778 326 3824 18
343 3776 387 3838 qui
398 3789 453 3823 cum
463 3774 497 3822 ad
507 3772 574 3821 B²v²
586 3772 645 3822 oxf.
657 3777 711 3834 110,
731 3776 775 3835 qui
792 3775 858 3836 quod
870 3776 905 3823 ad
916 3774 949 3823 A²
962 3777 988 3836 (a
1001 3759 1042 3823 lor
1053 3776 1087 3824 ad
1101 3775 1143 3839 ΑΙ)
1157 3774 1295 3833 B1cPv1s‚
1313 3778 1378 3837 quid
1390 3777 1456 3838 quod

293 3874 349 3909 curu
359 3858 394 3905 ad
405 3857 437 3905 E.
550 3856 581 3905 19
598 3857 700 3905 clamem
711 3856 820 3918 [BCPV]
833 3856 899 3918 Oxi,
920 3860 1026 3907 classum
1037 3858 1067 3917 A,
1080 3866 1190 3907 castrum
1200 3860 1303 3907 classem
1314 3857 1347 3916 E,
1360 3872 1413 3907 om.
1426 3863 1451 3907 0.

295 3941 326 3988 21
349 3940 474 3989 manebus
496 3937 604 4001 [Bn]o¹,
623 3940 749 3987 eusebiis
766 3940 789 3987 is
806 3939 880 3997 sPs,
897 3941 1022 3989 manubiis
1042 3942 1076 3990 iis
1093 3939 1123 4001 V,
1143 3941 1263 3988 mauibiis
1281 3938 1319 3999 01,
1339 3940 1455 3988 urauilrus

294 4019 362 4071 an.
478 4021 539 4068 Gelo
550 4018 691 4079 Asscnvo,
710 4021 768 4080 palu
778 4019 808 4079 P,
825 4022 906 4070 Hiero
924 4020 1015 4070 GUIV.
1147 4022 1179 4067 22
1195 4035 1271 4081 praue
1284 4020 1333 4081 [G],
1353 4035 1454 4081 grauem

294 4100 408 4149 ABEPV
419 4099 477 4149 Oxi.
488 4104 579 4153 BEV-l
597 4099 672 4164 (soeg
685 4100 734 4164 10).
844 4100 876 4148 24
894 4108 988 4164 tempus
1004 4100 1180 4156 ABOPvum
1195 4099 1287 4150 Foroh.
1301 4115 1326 4163 p.
1337 4102 1377 4163 28,
1392 4100 1454 4149 with

294 4189 382 4245 aptum
397 4182 483 4231 before
500 4183 535 4231 ad
549 4197 618 4231 omae
635 4182 721 4231 V'UH
737 4181 795 4230 Oxi.
813 4182 867 4234 Mu.
888 4182 957 4244 Soh,
975 4191 1069 4248 tempus
1085 4190 1142 4246 apte
1158 4182 1190 4243 E,
1211 4190 1306 4245 tempus
1321 4186 1408 4245 aptius
1424 4186 1451 4243 l',

296 4271 389 4325 tempus
406 4272 492 4328 aptum
509 4265 557 4314 Ba.
574 4266 617 4315 Or.
638 4264 796 4327 (comparing
811 4264 868 4316 Val.
883 4265 951 4315 Max.
966 4266 1022 4324 l.o.,
1035 4266 1189 4326 Laot.114).
1307 4268 1455 4328 Aesculapii

296 4345 393 4409 [EPV],
407 4348 536 4409 aurumi
547 4346 630 4408 Ama,
643 4348 747 4409 aucupii
760 4345 799 4406 0¹,
814 4348 958 4408 esculapio
970 4346 1008 4395 0².
1114 4346 1244 4409 Epidauri
1256 4360 1305 4395 uss
1315 4346 1454 4407 generally,

296 4429 426 4490 epidaurei
437 4431 465 4486 li,
480 4428 609 4488 epidaurii
620 4430 642 4475 R
651 4425 744 4476 Foroh.
754 4440 780 4487 p.
791 4427 831 4483 53,
843 4427 976 4488 epidauria
988 4426 1007 4476 0
1020 4426 1052 4488 by
1063 4440 1128 4475 corr.
