3109 5050
336 439 403 489 uns,
419 440 461 487 m
483 439 556 488 car.
580 440 805 489 xxv-xxm
827 423 866 510 ἓξ
888 425 1025 490 61-69.
1210 418 1251 488 27

95 589 214 665 quanto
235 605 374 650 munere
396 584 530 650 deorum
560 585 661 651 simus
683 585 816 652 affecti?
861 585 973 672 Atque
997 584 1111 651 eadem
1136 583 1254 650 Medea

95 693 218 770 patrem
233 689 441 774 patriamque
454 689 602 775 fugiens:

732 796 908 864 postquam
928 796 1022 864 pater

128 879 382 950 appropinquat
396 881 532 952 jamque
550 898 654 952 paene
671 884 710 935 ut
728 881 1029 952 comprehendatur
1048 883 1150 951 parat,

66 975 81 1034 5
128 986 267 1037 puerum
286 969 418 1024 interea
435 969 617 1025 obtruncat
635 969 850 1040 membraque
869 969 1080 1024 articulatim
1099 969 1224 1024 dividit

127 1072 252 1125 perque
272 1074 369 1126 agros
386 1058 512 1128 passim
532 1057 697 1128 dispergit
718 1075 838 1129 eorpus
850 1077 858 1125 ;
883 1057 917 1112 id
936 1074 973 1111 ea
990 1057 1109 1127 gratia,

127 1145 170 1210 ut,
189 1141 270 1196 dum
289 1142 361 1197 nati
381 1143 565 1214 dissipatos
583 1148 678 1198 artus
696 1147 850 1214 captaret
868 1161 996 1215 parens,

126 1227 200 1298 ipsa
219 1230 354 1285 interea
373 1231 545 1301 effugeret,
563 1232 660 1287 illum
678 1235 717 1286 ut
735 1249 864 1287 maeror
883 1231 1034 1286 tardaret
1052 1230 1155 1301 sequi,

127 1317 193 1372 sibi
212 1319 363 1373 salutem
381 1321 420 1373 ut
437 1319 599 1374 familiari
618 1323 753 1391 pareret
770 1319 961 1390 parricidio.

51 1462 82 1500 10
96 1431 180 1503 Huic
194 1449 236 1505 ut
251 1442 367 1520 scelus,
381 1441 427 1507 sie
441 1464 483 1506 ne
498 1443 580 1508 ratio
601 1443 734 1526 quidem
749 1442 863 1508 defirit.
909 1441 1018 1522 Quid?
1040 1441 1095 1506 ille
1110 1441 1255 1506 funestas
1268 1451 1306 1508 68

95 1544 206 1629 epulas
229 1546 326 1612 fratri
348 1570 537 1633 comparans
559 1569 666 1613 nonne
688 1556 797 1612 versat
819 1546 883 1612 huc
905 1554 939 1612 et
960 1546 1039 1611 illue
1060 1545 1254 1632 cogitatione

95 1649 254 1716 rationem
266 1656 279 1717 2

130 1778 237 1850 Major
256 1781 340 1835 mihi
358 1781 469 1850 moles,
489 1781 598 1852 majus
614 1780 857 1836 miscendumst
876 1781 1007 1850 malum,

19 1842 38 1970 ι
129 1869 185 1936 qui
204 1869 307 1925 illius
324 1870 478 1925 acerbum
497 1887 552 1926 cor
572 1870 776 1925 contundam
795 1874 828 1924 et
847 1871 1069 1942 comprimam.

54 2002 83 2061 ¹5
97 1987 237 2059 XXVII.
277 1993 349 2058 Nec
364 2001 475 2059 tamen
490 1994 545 2059 ille
561 1994 630 2080 ipse
645 2002 696 2059 est
709 1994 975 2080 praetereundus,

131 2110 186 2180 qui
207 2129 276 2166 non
295 2116 349 2167 sat
366 2113 487 2168 habuit
505 2113 677 2184 conjugem
697 2113 798 2169 illexe
817 2115 852 2168 in
871 2117 1034 2185 stuprum,

98 2231 137 2296 de
151 2256 217 2318 quo
231 2242 321 2300 recte
336 2243 371 2300 et
385 2235 550 2300 verissime
564 2235 709 2322 loquitur
724 2233 863 2302 Atreus:

168 2363 292 2434 ...quod
310 2381 344 2419 re
363 2363 397 2418 in
416 2382 543 2420 summa
563 2382 725 2420 summum
747 2382 820 2419 esse
841 2364 988 2420 arbitror

166 2453 325 2521 piaclum,
345 2456 471 2508 matres
491 2454 707 2524 coinquinari
728 2454 846 2524 regias,
889 2453 891 2458 '
1014 2465 1016 2469 ’

54 2543 87 2582 20
166 2539 395 2595 contaminari
415 2541 558 2611 stirpem
578 2541 758 2596 admisceri
778 2558 889 2611 genus.

102 2659 146 2724 At
159 2661 193 2727 id
207 2664 316 2749 ipsum
332 2635 431 2748 quam
446 2662 570 2742 callide,
585 2664 643 2749 qui
657 2686 795 2749 regnum
811 2663 971 2730 adulterio
986 2673 1175 2749 quaereret:

168 2790 269 2860 Adde,
289 2792 411 2861 inquit,
427 2792 499 2860 huc,
517 2791 605 2862 quod
625 2792 705 2846 mihi
724 2795 882 2863 portento
899 2791 1082 2847 caelestum
1100 2795 1195 2863 pater

169 2880 359 2951 prodigium
377 2882 481 2949 misit,
500 2881 595 2952 regni
615 2880 813 2936 stabilimen
833 2881 904 2949 mei,

169 2984 289 3038 agnum
308 2968 398 3022 inter
417 2969 560 3039 pecudes
580 2985 681 3023 aurea
701 2969 827 3023 clarum
848 2984 947 3037 coma,

59 3073 89 3130 ²5
169 3072 267 3125 quem
287 3056 371 3110 clam
391 3056 570 3127 Thyestem
591 3055 724 3126 clepere
743 3072 861 3109 ausum
880 3072 952 3109 esse
972 3073 988 3110 e
1008 3055 1108 3127 regia,

169 3159 235 3212 qua
253 3142 288 3197 in
307 3160 341 3197 re
361 3142 563 3214 adjutricem
582 3143 755 3214 conjugem
774 3144 864 3214 cepit
885 3143 958 3199 sibi.

104 3259 282 3328 Videtume
319 3285 447 3327 summa
479 3262 687 3349 improbitate
718 3285 795 3327 usus
824 3286 889 3327 non
919 3263 988 3328 sine
1025 3286 1153 3328 summa
1190 3285 1257 3328 esse
1270 3267 1307 3326 69

103 3365 250 3430 rationes
294 3366 366 3431 Nee
393 3388 467 3431 vero
495 3387 612 3431 scaena
641 3365 746 3430 solum
775 3366 895 3430 referta
920 3374 970 3431 est
995 3365 1047 3430 his
1076 3365 1256 3443 sceleribus,

151 3530 165 3577 l
181 3531 283 3586 Medea,
299 3529 382 3577 stedia
397 3527 455 3577 B1V
472 3528 530 3577 Oxf.
650 3530 666 3578 3
679 3535 821 3592 postquam,
843 3544 965 3593 posquam
981 3528 1061 3579 ABa.
1080 3527 1214 3595 (referring
1230 3530 1258 3578 to

104 3607 203 3660 Ritsohl
213 3611 306 3660 Rheia.
320 3612 387 3658 Mas.
399 3622 438 3657 vn
449 3608 510 3667 5713
528 3623 570 3659 see
581 3609 675 3658 Munro
687 3623 721 3658 on
732 3610 809 3659 Lacr.
819 3623 846 3658 rr
856 3610 939 3673 1186).
1038 3608 1070 3658 13
1085 3609 1258 3658 miscendumst

105 3692 169 3753 edd,
179 3694 333 3743 miscendam
343 3699 380 3741 est
391 3705 448 3742 uss.
540 3691 571 3740 ls
587 3706 615 3741 re
625 3693 655 3741 ia
663 3705 711 3741 uss
722 3692 861 3754 generally,
879 3694 908 3741 ta
917 3708 944 3742 re
957 3691 1016 3743 Soh.
1099 3691 1131 3743 19
1144 3691 1258 3753 picatam

104 3772 150 3826 Ed.
163 3777 232 3827 after
242 3776 325 3834 Allan,
333 3776 458 3839 periclem
468 3773 557 3823 ncPv
567 3774 634 3836 odd,
644 3776 786 3838 periculam
796 3774 851 3826 BE.
941 3776 1103 3837 coinquinari
1114 3772 1258 3837 [Bcant]

106 3857 169 3922 cxc,
188 3859 372 3923 paetaqeiaori
383 3858 447 3916 AV¹‚
460 3872 508 3921 qao
518 3859 653 3921 inquinari
663 3862 691 3920 B,
709 3860 861 3921 coreqataart
878 3863 901 3907 E
916 3856 1029 3907 Ribbeck
1047 3856 1088 3922 (of.
1105 3856 1213 3906 Lachm.
1230 3855 1258 3904 in

105 3941 176 3992 Lacr.
197 3957 223 4005 p.
243 3942 310 4007 135).
429 3943 513 4004 reptas
533 3940 654 4000 ABGEP,
676 3942 772 4002 reptem
794 3940 817 3990 V
840 3940 934 4003 (before
956 3938 1067 4005 erasure)
1088 3938 1146 3989 Oxi.
1167 3942 1257 3992 ³124.

105 4023 135 4072 20
149 4026 283 4075 admisceri
295 4037 352 4073 uss.
363 4039 393 4073 ae
408 4025 508 4073 misceri
524 4022 582 4072 edd.
594 4022 660 4071 after
670 4020 792 4072 Ribbeck.
881 4023 912 4069 21
928 4019 1258 4083 atA213²V²[cP]01t,au

106 4105 292 4158 A¹B¹RV¹m
387 4109 419 4155 22
432 4108 498 4156 adde
509 4105 625 4155 Ribbeck
636 4105 699 4163 Mu,
715 4106 782 4153 addo
798 4118 848 4153 uss
860 4104 903 4153 Or.
915 4102 962 4151 Ba.
975 4102 1035 4151 Soh.
1134 4103 1165 4151 25
1188 4116 1259 4165 quem

105 4191 166 4240 ctam
183 4191 314 4254 Thyestem
329 4188 445 4239 Adora
455 4187 552 4237 Heind.
565 4188 607 4238 Or.
623 4186 679 4246 Ba,
697 4202 769 4250 quem
787 4187 851 4235 ebert
872 4186 919 4235 Th.
939 4190 971 4245 Η,
984 4185 1107 4247 quendam
1119 4186 1165 4234 Tb.
1177 4184 1200 4233 B
1218 4187 1259 4247 (ex

106 4275 178 4335 corr.)
190 4272 285 4331 011110,
302 4287 375 4336 quem
390 4274 453 4321 deret
467 4274 576 4335 hyestem
587 4270 610 4320 V
621 4270 690 4332 Oxi,
709 4284 781 4333 quera
797 4270 859 4317 dact
873 4269 922 4317 Tb.
938 4268 970 4329 R,
984 4283 1057 4331 qoem
1067 4270 1259 4334 ctsombpestem

106 4352 131 4413 P,
151 4357 277 4418 quondam
293 4354 339 4404 Th.
351 4354 453 4404 Nonius
466 4369 493 4417 p.
510 4354 542 4403 20
559 4352 619 4405 Sela
639 4353 693 4404 Mu.
796 4350 828 4401 26
845 4366 897 4414 qua
914 4350 937 4400 A
953 4350 1030 4413 (aiter
1045 4350 1166 4419 erasion),
1177 4368 1195 4403 a
1206 4368 1257 4416 quo

20 4505 21 4512 ἵ
105 4438 495 4521 ιωμςωοωοῐῇῑξν,
592 4434 768 4515 spelman,
786 4432 932 4514 emptae,
949 4434 1070 4514 coepes,
