3109 5050
266 408 308 469 24
650 425 697 472 nn
719 425 861 474 nerum
884 425 1038 474 nrosuu.

264 581 383 640 natura
403 581 461 650 est,
480 573 560 660 quid
581 573 679 640 facies
701 572 865 640 nubibus?
910 575 1013 640 Arcus
1034 575 1122 641 enim
1146 576 1215 662 ipse
1239 597 1258 640 e
1280 575 1425 640 nubibus

265 676 403 742 efficitur
416 675 556 762 quodam
570 675 666 740 modo
685 676 834 743 coloratis
844 701 852 758 ;
875 699 1014 763 quarum
1033 700 1100 742 una
1122 678 1222 743 etiam
1242 677 1425 744 Centauros

265 781 427 866 peperisse
449 779 576 845 dicitur.
621 780 745 860 Quodsi
766 779 870 846 nubes
888 781 1054 847 rettuleris
1075 782 1110 846 in
1130 781 1215 861 deos,
1235 781 1425 847 referendae

265 894 352 950 certe
367 893 464 950 erunt
477 892 699 969 tempestates,
709 904 793 968 quae
808 883 920 969 populi
935 883 1075 948 Romani
1090 884 1206 949 ritibus
1221 892 1425 949 consecratae

265 997 351 1055 sunt.
395 988 482 1074 Ergo
518 988 646 1066 imbres,
678 987 791 1062 nimbi,
826 989 992 1074 procellae,
1028 989 1175 1054 turbines
1207 988 1242 1053 di
1274 987 1424 1074 putandi
1463 1010 1480 1070 5

266 1093 380 1158 Nostri
393 1092 527 1179 quidem
539 1092 635 1158 duces
649 1115 738 1158 mare
753 1092 972 1178 ingredientes
986 1093 1154 1159 immolare
1165 1094 1306 1160 hostiam
1317 1092 1425 1157 flueti-

214 1201 252 1262 ta
265 1195 326 1260 bus
340 1202 546 1260 consuerunt.
590 1194 613 1258 J
615 1217 667 1259 am
682 1195 711 1260 si
724 1203 775 1260 est
790 1194 888 1261 Ceres
903 1219 923 1260 a
936 1196 1077 1282 gerendo
1093 1197 1153 1278 (ita
1168 1197 1254 1261 enim
1269 1196 1425 1276 dicebas),

265 1309 352 1366 terra
372 1300 443 1386 ipsa
463 1300 524 1364 dea
545 1307 596 1364 est
617 1306 652 1364 et
673 1297 722 1363 ita
743 1299 902 1378 habetur;
925 1321 1008 1386 quae
1032 1307 1080 1365 est
1103 1300 1191 1364 enim
1210 1300 1275 1364 alia
1289 1298 1426 1364 Tellusl

267 1403 326 1469 Sin
348 1412 444 1482 terra,
458 1425 547 1468 mare
569 1401 677 1481 etiam,
691 1424 790 1487 quem
814 1401 1008 1488 Neptunum
1032 1425 1100 1468 esse
1122 1403 1268 1483 dicebas3
1290 1425 1366 1490 ergo
1389 1410 1427 1468 et

265 1507 402 1572 flumina
423 1516 458 1572 et
479 1507 593 1572 fontes.
638 1507 755 1592 Itaque
771 1514 805 1572 et
819 1507 932 1572 Fontis
947 1508 1117 1573 delubrum
1135 1509 1225 1574 Maso
1240 1531 1280 1574 ex
1296 1509 1423 1574 Corsica
1443 1533 1482 1572 10

265 1612 436 1690 dedicavit,
465 1621 500 1678 et
528 1613 563 1676 in
597 1634 757 1698 augurum
793 1612 979 1697 precatione
1008 1613 1206 1690 Tiberinum,
1237 1613 1426 1698 Spinonem,

265 1716 447 1792 Almonem,
463 1715 641 1793 Nodinum,
656 1715 721 1780 alia
734 1716 987 1802 propinquorum
1002 1715 1175 1782 fluminum
1189 1717 1321 1781 nomina
1334 1717 1425 1781 vide-

265 1841 346 1884 mus.
391 1819 477 1906 Ergo
504 1819 565 1884 hoc
593 1829 653 1885 aut
681 1819 716 1884 in
743 1819 939 1885 immensum
965 1828 1082 1905 serpet,
1109 1829 1167 1885 aut
1195 1820 1278 1885 nihil
1307 1820 1425 1884 horum

265 1923 467 2009 recipiemus,
495 1945 555 1990 nec
584 1923 642 1989 illa
670 1924 801 1989 infinita
830 1925 913 1990 ratio
950 1924 1188 2012 superstitionis
1224 1925 1423 2011 probabitur.

266 2025 359 2090 Nihil
382 2049 458 2111 crgo
479 2027 597 2091 borum
618 2027 826 2113 probandum
849 2037 907 2094 est.
1443 2049 1479 2111 15

213 2137 249 2195 61
330 2130 453 2195 XXIV.
495 2131 586 2196 Num
608 2153 719 2196 censes
738 2131 839 2217 igitur
859 2131 1027 2197 subtiliore
1045 2132 1169 2198 ratione
1189 2155 1269 2218 opus
1291 2155 1360 2198 esse
1382 2132 1424 2197 ad

265 2236 344 2301 haec
366 2234 564 2299 refellenda?
609 2235 697 2298 Nam
719 2244 872 2312 mentem,
893 2235 1002 2314 fidem,
1024 2258 1122 2321 spem,
1137 2236 1303 2316 virtutem,
1324 2237 1424 2300 hono-

265 2363 345 2419 rem,
363 2340 537 2418 victoriam‚
552 2340 701 2418 salutem,
716 2341 919 2406 concordiam
935 2350 1105 2428 ceteraque
1121 2341 1192 2427 ejus
1206 2341 1294 2406 modi
1315 2364 1424 2407 rerum

265 2446 333 2510 vim
362 2445 482 2510 babere
511 2444 668 2522 videmus,
698 2467 763 2510 non
793 2444 935 2511 deorum.
980 2446 1050 2510 Aut
1080 2445 1167 2510 enim
1197 2445 1232 2509 in
1261 2447 1426 2511 nobismet

265 2550 378 2614 insunt
400 2549 486 2634 ipsis,
507 2557 545 2614 ut
567 2572 669 2627 mens,
685 2558 724 2616 ut
744 2572 826 2635 spes,
841 2560 880 2614 ut
899 2551 988 2628 fides,
1003 2559 1043 2615 ut
1060 2551 1173 2632 virtus,
1189 2559 1227 2615 ut
1248 2552 1425 2629 concordia,
1443 2581 1482 2618 20

266 2664 324 2719 aut
339 2655 500 2740 optandae
515 2654 608 2719 nobis
622 2663 708 2732 sunt,
722 2663 761 2719 ut
776 2656 889 2735 honoS,
905 2664 943 2720 ut
957 2657 1052 2733 salus,
1064 2664 1102 2721 ut
1113 2657 1263 2736 victoria3
1286 2678 1424 2742 quarum

265 2782 373 2824 rerum
403 2759 581 2825 utilitatem
611 2760 714 2837 video,
744 2759 839 2825 video
875 2760 975 2825 etiam
1013 2770 1196 2826 consecrata
1232 2762 1423 2842 simulacra;

266 2883 365 2947 quare
385 2870 497 2927 autem
513 2862 547 2925 in
563 2862 603 2926 iis
617 2862 667 2926 vis
684 2863 819 2928 deorum
839 2862 926 2939 insit,
946 2870 1018 2927 tum
1042 2863 1239 2949 intellegam,
1254 2886 1329 2928 cum
1351 2887 1424 2950 cog-

266 2988 392 3032 novero.
436 2966 509 3046 Quo
535 2967 571 3030 in
592 2988 710 3052 genere
733 2966 785 3031 vel
811 2966 953 3030 maxime
980 2976 1031 3031 est
1060 2968 1190 3033 fortuna
1215 2968 1425 3046 numeranda,

265 3092 365 3155 quam
388 3092 484 3135 nemo
498 3070 541 3134 ab
555 3069 774 3135 inconstantia
790 3078 823 3135 et
839 3070 1026 3135 temeritate
1047 3070 1204 3157 sejunget,
1220 3093 1304 3156 quae
1324 3072 1425 3157 digna
1442 3098 1479 3156 ²5

215 3182 253 3242 ⁰2
266 3183 353 3240 certe
368 3197 434 3238 non
448 3182 526 3238 sunt
540 3173 611 3238 deo.
656 3174 679 3239 J
680 3196 733 3238 am
749 3195 824 3238 vero
843 3173 923 3258 quid
939 3196 995 3238 vos
1014 3173 1071 3239 illa
1091 3174 1231 3240 delectat
1251 3174 1425 3260 explicatio

263 3278 449 3343 fabularum
474 3288 509 3343 et
533 3278 685 3344 enodatio
709 3278 903 3343 nominum?
948 3278 1124 3344 Exsectum
1146 3302 1166 3344 a
1186 3279 1253 3344 filio
1276 3279 1423 3353 Caelum,

267 3380 413 3444 vinctum
431 3381 546 3446 itidem
564 3404 585 3445 a
602 3380 669 3446 filio
691 3381 880 3459 Saturnum,
894 3381 975 3445 haec
997 3389 1030 3445 et
1051 3382 1115 3446 alia
1134 3382 1260 3467 generis
1278 3381 1426 3467 ejusdem

266 3486 314 3551 ita
336 3486 517 3564 defenditis
539 3497 577 3551 ut
599 3486 631 3564 ii,
652 3487 710 3572 qui
731 3487 796 3551 ista
817 3485 991 3563 finxerunt,
1014 3508 1078 3551 non
1101 3487 1196 3551 modo
1219 3509 1283 3551 non
1306 3488 1425 3567 insani,

315 3698 332 3744 2
347 3698 465 3746 coloratis
482 3695 539 3745 edd.
559 3695 628 3746 aiter
643 3696 718 3758 Dav,
738 3697 863 3745 coloratus
880 3708 938 3745 uss.
1040 3697 1054 3746 7
1072 3703 1228 3758 canuerunt,
1246 3708 1428 3748 emanaverunt

266 3780 354 3830 Em
369 3778 429 3831 Seh.
524 3782 581 3842 jam
597 3779 671 3843 [B]P,
689 3787 740 3829 tam
757 3778 903 3838 OEVBEM,
922 3785 974 3827 tum
989 3778 1011 3826 A
1028 3778 1056 3826 in
1073 3792 1125 3827 ras.
1225 3780 1240 3830 9
1257 3795 1325 3829 mure
1341 3780 1423 3842 Bes,

265 3870 347 3913 muter
356 3862 515 3913 acanmr
526 3862 584 3912 Oxf.
592 3873 627 3916 ÷.
737 3862 769 3910 10
785 3864 858 3911 Meso
869 3860 926 3910 edd.
939 3860 1005 3910 alter
1016 3860 1077 3910 Ant.
1090 3860 1260 3922 Augustinus,
1278 3864 1364 3913 Marso
1375 3878 1427 3912 uss

265 3944 405 4007 generally.
521 3945 552 3992 12
569 3946 696 3993 Almonem
709 3942 766 3993 edd.
781 3942 847 3991 after
862 3941 982 4001 Ursinus,
1001 3957 1142 3991 aneatorum
1153 3956 1200 3991 nss
1211 3944 1350 4004 generally,
1367 3948 1426 3993 arti-

266 4042 334 4077 enem
345 4026 397 4077 0²8
408 4025 500 4077 Lamb.
514 4025 658 4077 Swainson.
757 4025 789 4074 13
807 4027 894 4074 torum
905 4023 1057 4082 OEWBHO,
1075 4026 1194 4073 honoram
1204 4024 1290 4084 ABV1,
1308 4028 1428 4076 bonoram

266 4110 296 4159 P.
396 4110 427 4158 18
444 4111 496 4171 ejtu
508 4111 575 4158 modi
586 4121 636 4156 uss
649 4107 787 4171 generally,
806 4107 878 4170 hujus
893 4108 1030 4161 m.B1L÷.
1133 4108 1164 4158 19
1180 4115 1226 4157 aut
1237 4110 1302 4157 enim
1313 4108 1427 4173 [ABGE]

266 4191 325 4242 Oxl.
337 4190 378 4253 Vl,
398 4199 482 4241 autern
492 4193 558 4241 enim
568 4190 632 4239 ΡΨ.
740 4189 768 4237 21
788 4195 817 4237 ul
828 4191 897 4238 talus
908 4196 937 4239 cl
948 4188 1001 4253 [X],
1020 4190 1090 4238 sulus
1100 4194 1123 4238 Η
1134 4188 1193 4238 oxr.
1302 4192 1335 4238 22
1350 4194 1426 4241 utili-

266 4282 344 4325 tatem
353 4276 426 4325 video
436 4277 510 4324 video
523 4274 568 4337 [X]
579 4273 636 4323 edd.
649 4274 716 4324 alter
726 4271 866 4334 Victorius,
885 4275 999 4323 utilitate
1009 4273 1082 4322 video
1095 4277 1184 4322 mv
1195 4270 1252 4321 Oxs.
1346 4274 1379 4322 23
1394 4276 1427 4324 ire

259 4356 300 4403 ,tte
317 4353 361 4403 GV
375 4354 420 4403 Or.
434 4355 481 4404 Ba.
498 4354 561 4415 Mu,
579 4356 609 4403 in
626 4356 666 4403 lis
682 4353 749 4401 BEP
767 4351 828 4403 Sch.
951 4353 984 4402 26
1000 4354 1138 4415 explicatio
1167 4351 1335 4417 [BEP]V²HO
1353 4353 1425 4415 cxc,

267 4437 409 4499 exploratio
420 4435 443 4483 A
456 4434 499 4484 ‘in
510 4436 570 4484 ras’
582 4436 624 4496 V¹,
643 4437 789 4504 explanatio
802 4434 849 4495 ΟΒ.

1550 4120 1553 4229 l

1552 4234 1553 4327 l
