3109 5050
305 399 310 408 '
347 416 412 464 ura.
437 417 479 463 111
501 417 574 464 ore.
599 416 836 463 xxxvrrr—xn
859 399 896 483 ἓξ
919 400 1056 465 91-95.
1238 397 1278 459 39

109 559 220 624 divina
235 562 348 626 etiam
363 565 404 628 de
419 565 561 648 singulis,
606 565 734 629 Videtis
749 587 825 649 ergo
841 586 906 627 non
920 586 989 629 esse
1010 587 1082 628 eam
1103 571 1172 627 tam
1188 582 1282 625 oceu-

108 670 226 743 patam‚
247 686 356 748 quam
378 665 568 749 putabatis?
613 666 677 730 Fae
700 687 768 729 esse
791 665 978 743 distentam,
1000 666 1127 730 eaelum
1150 685 1281 728 versan-

108 773 182 840 tem,
197 775 331 832 terram
353 777 512 845 tuentem,
529 769 632 833 maria
649 770 892 848 moderantem
914 793 971 834 eur
984 779 1053 834 tam
1068 770 1189 834 multos
1205 769 1281 833 deos

108 868 187 933 nihil
202 893 306 956 agere
324 883 362 939 et
382 897 505 938 cessare
526 874 675 959 patitur?
697 898 754 940 eur
773 898 838 940 non
862 875 959 940 rebus
981 874 1133 939 humanis
1155 874 1281 959 aliquos

77 971 223 1051 5otiosos
246 975 333 1040 deos
356 976 512 1062 praeficit,
537 979 594 1062 qui
616 1001 636 1042 a
657 987 701 1055 te,
719 979 831 1055 Balbe,
851 976 1105 1042 innumerabiles
1126 975 1282 1061 explicati

107 1078 204 1138 sunt?
252 1076 354 1141 Haec
377 1079 443 1142 fere
465 1079 572 1144 dicere
593 1079 695 1144 habui
714 1080 755 1144 de
775 1088 894 1144 natura
911 1079 1053 1155 deorum,
1069 1099 1135 1141 non
1150 1085 1188 1141 ut
1206 1098 1280 1141 eam

106 1173 267 1254 tollerem,
297 1179 359 1242 sed
384 1188 423 1243 ut
448 1180 691 1266 intellegeretis
715 1203 814 1266 quam
839 1189 924 1245 esset
954 1180 1089 1244 obseura
1118 1187 1152 1243 et
1180 1200 1280 1263 quam

106 1277 254 1344 difficiles
270 1283 459 1367 explicatus
474 1285 619 1350 haberet.

169 1383 242 1448 XL.
292 1386 391 1465 Quae
421 1410 496 1452 eum
526 1387 670 1464 dixisset,
700 1387 800 1454 Cotta
829 1388 936 1452 finem.
986 1386 1130 1451 Lucilius
1160 1393 1279 1462 autern,
1293 1394 1332 1453 94

65 1508 95 1545 10
109 1483 365 1569 Vehementius,
388 1491 505 1576 inquit,
533 1493 642 1572 Cotta,
669 1500 707 1556 tu
737 1492 870 1576 quidem
901 1492 1050 1555 invectus
1079 1512 1114 1554 es
1143 1490 1178 1554 in
1207 1511 1280 1554 eam
1359 1483 1363 1488 ’

109 1586 299 1658 Stoicorum
322 1594 492 1672 rationem,
507 1618 591 1680 quae
614 1595 654 1660 de
674 1595 880 1680 providentia
898 1595 1034 1658 deorum
1049 1593 1170 1657 abillis
1190 1614 1280 1657 sanc·

110 1690 235 1759 tissime
251 1705 290 1762 et
306 1699 589 1783 providentissime
610 1699 790 1764 constituta
806 1709 864 1764 est.
909 1698 974 1763 Sed
995 1697 1149 1783 quoniam
1168 1695 1279 1760 adves-

16 1824 17 1829 1
109 1798 259 1877 perascit,
288 1801 385 1866 dabis
415 1803 507 1868 nobis
536 1803 624 1867 diem
650 1803 805 1888 aliquem,
829 1812 867 1867 ut
897 1811 1010 1866 contra
1036 1803 1099 1866 ista
1124 1801 1279 1866 dicamus.

111 1897 168 1964 Est
183 1904 277 1969 enim
295 1906 379 1970 mihi
394 1915 504 1971 tecum
519 1930 576 1992 pro
595 1908 660 1972 aris
675 1916 709 1972 et
723 1907 802 1970 focis
822 1914 987 1972 certamen
1008 1914 1043 1972 et
1065 1928 1123 1991 pro
1146 1906 1280 1970 deorum

67 2024 97 2082 15
111 2005 244 2090 templis
260 2017 365 2093 atque
383 2010 526 2074 delubris
545 2033 668 2096 proque
692 2009 782 2075 urbis
804 2009 913 2087 muris,
929 2031 1009 2094 quos
1023 2031 1089 2086 vos,
1103 2007 1280 2093 pontifices,

113 2117 238 2174 sanctos
262 2135 337 2177 esse
360 2113 467 2177 dicitis
489 2114 744 2201 diligentiusque
767 2113 884 2178 urbem
906 2113 1062 2198 religione
1084 2134 1183 2197 quam
1201 2110 1280 2196 ipsis

114 2213 286 2280 moenibus
318 2216 465 2301 cingitis3
495 2240 578 2303 quae
609 2218 713 2282 deseri
742 2241 762 2282 a
792 2240 854 2295 me,
886 2217 965 2282 dum
996 2216 1129 2300 quidem
1160 2215 1280 2298 spirare

16 2392 18 2403 ζ
115 2322 235 2397 potero,
253 2319 348 2384 nefas
365 2320 486 2404 judico.
531 2322 616 2385 Tum
640 2321 758 2386 Cotta:
783 2320 853 2406 Ego
875 2342 951 2384 vero
974 2329 1008 2383 et
1030 2326 1107 2403 opto
1129 2315 1280 2396 redargui
1294 2326 1331 2385 95

116 2437 175 2494 me,
190 2420 308 2502 Balbe,
324 2431 357 2487 et
372 2447 418 2500 ea,
435 2448 518 2509 quae
533 2425 705 2510 disputavi,
720 2426 876 2490 disserere
895 2426 997 2489 malui
1016 2445 1114 2509 quam
1133 2422 1280 2508 judicare

72 2539 105 2578 20
118 2530 150 2586 et
165 2523 260 2591 facile
277 2550 332 2591 me
348 2551 368 2591 a
382 2537 417 2593 te
432 2528 519 2593 vinci
534 2552 626 2615 posse
642 2539 729 2595 certo
745 2531 818 2595 scie.
850 2529 988 2614 Quippe,
1003 2528 1111 2614 inquit
1126 2527 1281 2605 Velleius,

120 2626 174 2708 qui
188 2630 291 2695 etiam
308 2632 434 2695 somnia
447 2641 543 2718 putet
557 2633 598 2697 ad
614 2655 671 2697 nos
689 2633 779 2698 mitti
800 2633 842 2698 ab
861 2633 955 2710 Jove,
971 2655 1055 2717 quae
1075 2631 1147 2718 ipsa
1168 2640 1281 2696 tamen

120 2738 185 2795 tam
214 2735 304 2799 levia
327 2758 394 2799 non
419 2746 505 2815 sunt,
529 2759 628 2822 quam
654 2747 702 2802 est
729 2738 911 2803 Stoicorum
938 2739 1118 2802 denatura
1147 2736 1281 2800 deorum

121 2836 227 2903 oratio.
272 2840 366 2904 Haec
396 2864 469 2905 cum
504 2850 612 2906 essent
641 2843 736 2918 dicta,
765 2843 815 2907 ita
844 2841 1056 2920 discessimus,
1086 2849 1125 2905 ut
1154 2838 1280 2904 Velleio

122 2935 235 3005 Cottae
256 2943 438 3029 disputatio
458 2945 572 3022 verior,
589 2945 671 3009 mihi
693 2946 789 3010 Balbi
807 2944 848 3009 ad
864 2944 1011 3010 veritatis
1031 2944 1280 3009 similitudinem

78 3058 108 3115 25
123 3041 285 3113 videretur
300 3070 369 3112 esse
384 3050 578 3134 propensior.

170 3245 185 3294 6
200 3256 235 3309 ut,
256 3251 298 3298 uti
314 3248 345 3298 Β.
495 3251 527 3301 10
543 3254 572 3301 iu
588 3268 643 3302 eam
659 3252 711 3314 ΟΕ,
725 3254 822 3302 ineram
839 3249 912 3315 (with
927 3267 942 3301 r
958 3249 1056 3312 erased)
1069 3250 1099 3309 A,
1111 3252 1139 3299 in
1154 3263 1221 3299 erum
1237 3248 1280 3297 BP

126 3323 242 3390 (fluperso.
257 3334 343 3396 irtam)
354 3333 397 3392 Ψ,
408 3336 437 3383 iu
448 3349 540 3383 meram
551 3334 585 3383 Vl
592 3336 644 3385 Oxf
652 3340 730 3393 nv,
742 3337 772 3384 in
788 3350 873 3384 aream
891 3338 966 3385 istum
983 3339 1004 3394 1,
1016 3337 1044 3383 in
1063 3348 1148 3383 ueram
1166 3334 1241 3381 utam
1252 3336 1277 3383 1..

20 3451 22 3479 ,
125 3406 155 3454 12
167 3415 386 3471 providentissime
395 3414 511 3478 [AGPV],
522 3417 716 3478 prudentimime
728 3415 782 3469 BE.
