3109 5050
390 460 455 508 nm.
479 461 520 508 111
542 404 614 509 cnr.
638 462 734 509 1-1v
755 445 794 530 ξς
817 447 910 511 3-9.
1218 444 1236 506 3

73 601 261 668 constitutis
279 604 495 670 fundamenta
509 606 627 692 jecisse
642 616 772 672 nostrae
787 607 941 684 civitatis,
955 628 1038 692 quae
1056 627 1236 690 numquam

73 705 220 789 profecto
249 707 319 771 sine
349 730 478 773 summa
502 710 686 793 placatione
716 711 851 776 deorum
881 709 1114 774 immortalium
1143 699 1238 772 tanta

74 832 146 875 esse
159 810 328 896 potuisset.
362 812 482 891 Habes,
499 813 610 892 Balbe,
625 813 705 898 quid
721 813 828 890 Cotta,
843 813 922 898 quid
937 813 1085 898 pontifex
1100 811 1221 877 sentiat
1228 832 1236 889 ;
1250 809 1267 866 6
1283 805 1310 846 ‘¹

74 914 126 978 fac
140 936 229 979 nuno
244 937 304 1000 ego
319 914 518 1001 intellegam,
533 924 571 980 tu
586 917 666 1002 quid
681 917 811 981 sentias.
847 919 878 980 A
892 925 927 982 te
943 917 1030 981 enim
1045 915 1236 1002 philosopho

37 1005 238 1097 5rationem
267 1018 410 1104 accipere
440 1002 543 1084 debeo
571 1021 745 1105 religionis,
771 1020 949 1106 majoribus
978 1029 1090 1084 autem
1119 1018 1237 1084 nostris

76 1123 178 1187 etiam
193 1123 286 1187 nulla
304 1124 431 1189 ratione
448 1125 577 1190 reddita
594 1125 731 1190 credere.
776 1125 842 1190 ΙΙΙ.
881 1125 966 1189 Tum
984 1125 1114 1200 Balbus,
1130 1125 1249 1203 Quam

75 1226 179 1310 igitur
192 1249 213 1290 a
227 1249 281 1290 me
295 1226 464 1304 rationem,
479 1227 595 1312 inquit,
610 1228 717 1307 Cotta,
733 1227 919 1292 desideras?
961 1228 1004 1291 Et
1020 1227 1083 1305 ille,
1100 1226 1237 1305 Quadri·

73 1330 208 1414 pertita,
228 1329 344 1414 inquit,
369 1331 432 1395 fuit
455 1331 570 1395 divisio
592 1339 659 1408 tua,
681 1332 825 1416 primum
847 1340 885 1396 ut
907 1331 1004 1396 velles
1027 1331 1139 1396 docere
1162 1329 1237 1394 deos

75 1455 156 1510 esse,
177 1432 296 1498 deinde
317 1434 428 1519 quales
447 1442 562 1511 essent,
583 1441 654 1498 tum
676 1434 717 1498 ab
737 1433 778 1497 iis
796 1433 956 1498 mundum
977 1433 1056 1518 regi,
1077 1438 1237 1517 postremo

21 1559 58 1596 10
75 1535 244 1600 consulere
265 1559 319 1601 eos
340 1538 436 1602 rebus
456 1537 615 1605 humanis.
662 1538 763 1615 Haec,
786 1537 920 1602 sirecte
941 1536 1084 1614 memini,
1104 1534 1237 1622 partitio

74 1637 150 1703 fuit.
196 1638 397 1717 Rectissime,
411 1640 521 1724 inquit
535 1640 674 1720 Balbus,
697 1640 754 1704 sed
771 1648 930 1724 exspecto,
947 1639 1024 1724 quid
1041 1637 1193 1723 requiras.

143 1738 234 1804 Tum
249 1739 356 1820 Cotta,
371 1743 518 1807 Primum
535 1743 675 1829 quicque
695 1743 873 1820 videamus,
889 1743 998 1827 inquit
1007 1766 1015 1822 ;
1037 1750 1080 1820 et,
1096 1741 1123 1806 si
1141 1740 1173 1804 id
1189 1745 1268 1804 est?

73 1843 233 1927 primum,
248 1845 335 1929 quod
350 1845 435 1909 inter
449 1868 561 1910 omnes
575 1846 638 1910 nisi
654 1845 829 1910 admodum
849 1845 965 1930 impios
983 1845 1142 1922 convenit,
1157 1843 1239 1907 mihi

75 1932 214 2030 quidem
235 1970 275 2012 ex
295 1947 403 2012 animo
425 1949 517 2013 exuri
537 1970 602 2012 non
622 1956 739 2034 potest,
757 1970 826 2012 esse
846 1947 929 2025 deos,
946 1947 980 2010 id
994 1956 1105 2012 tamen
1123 1947 1239 2032 ipsum,

21 2072 57 2132 15
76 2052 168 2137 quod
183 2051 266 2116 mihi
280 2075 469 2138 persuasum
485 2062 535 2118 est
554 2054 748 2118 auctoritate
767 2052 935 2138 majorum,
951 2074 1007 2115 cur
1026 2051 1075 2116 ita
1088 2051 1141 2128 sit,
1157 2051 1239 2115 nihil

75 2167 116 2221 tu
132 2157 305 2222 medones.
343 2158 431 2237 Quid
446 2166 503 2230 est.
519 2157 627 2242 inquit
642 2157 773 2235 Balbus
790 2157 816 2221 si
832 2157 892 2222 tibi
908 2179 1095 2242 persuasum
1112 2164 1169 2233 est,
1184 2179 1242 2221 our

76 2284 98 2324 a
119 2283 175 2324 me
193 2260 272 2324 velis
293 2260 438 2326 disceret
482 2261 567 2326 Tum
588 2261 695 2338 Cotta,
710 2261 796 2341 Quia
814 2260 858 2324 sic
876 2259 1052 2345 aggredior,
1067 2259 1184 2343 inquit,
1199 2259 1239 2324 ad

77 2365 165 2427 hanc
186 2363 451 2448 disputationem,
470 2365 562 2450 quasi
582 2364 666 2429 nihil
686 2386 844 2449 umquam
864 2362 1023 2428 audierim
1045 2361 1086 2426 de
1108 2361 1158 2425 dis
1180 2362 1240 2425 im-

79 2466 282 2544 mortalibus
293 2466 377 2531 nihil
389 2467 596 2553 cogitaverim
607 2491 615 2548 ;
629 2467 743 2532 rudem
760 2488 812 2532 me
825 2473 860 2531 et
870 2466 1034 2550 integrum
1047 2464 1240 2550 discipulum

24 2598 63 2635 20
79 2569 192 2656 accipe
208 2578 242 2635 et
257 2592 303 2648 aa,
320 2592 402 2654 quae
417 2570 554 2656 requiro,
569 2571 654 2635 doce.
699 2570 761 2634 Dic
782 2570 892 2655 igitur,
908 2568 1025 2651 inquit,
1040 2568 1119 2653 quid
1133 2568 1240 2653 requi·
1254 2576 1274 2633 8
1295 2598 1306 2605 ·

79 2696 140 2738 ras.
187 2674 321 2759 Egone?
351 2675 493 2760 primum
518 2675 610 2752 illud,
636 2697 700 2751 cur,
731 2674 818 2759 quod
844 2674 880 2737 in
909 2674 972 2737 ista
1000 2673 1170 2758 partitione
1198 2695 1241 2737 ne

80 2798 178 2862 egere
193 2778 327 2862 quidem
345 2779 488 2843 oratione
506 2778 649 2854 dixisses,
667 2778 754 2863 quod
774 2785 858 2842 esset
879 2776 1085 2862 perspicuum
1105 2786 1139 2843 et
1156 2776 1242 2841 inter
1262 2785 1265 2789 ’

81 2903 197 2946 omnes
211 2890 380 2961 constaret,
395 2882 435 2946 de
451 2905 489 2947 eo
503 2884 574 2968 ipso
588 2892 657 2949 tam
673 2884 779 2946 multa
794 2881 920 2947 dixeris.
954 2881 1041 2962 Quia
1055 2890 1088 2947 te
1105 2903 1241 2967 quoque,

81 2985 201 3068 inquit,
223 2986 448 3064 animadverti,
470 2986 576 3065 Cotta,
602 3009 708 3073 saepe,
733 3009 808 3051 cum
834 2987 960 3051 infero
985 2986 1115 3065 diceres,
1142 3008 1241 3071 quam

26 3110 41 3146 2
46 3106 63 3165 5
81 3089 233 3173 plurimis
247 3111 355 3175 posses
369 3090 569 3176 argumentis
584 3113 715 3155 onerare
725 3090 881 3175 judicem,
896 3090 923 3154 si
938 3090 1034 3155 modo
1052 3113 1124 3155 eam
1142 3091 1241 3155 facul·

82 3200 189 3256 tatem
204 3192 266 3256 tibi
281 3193 373 3258 daret
392 3215 516 3260 causa·
541 3196 652 3279 Atque
674 3195 735 3258 hoc
757 3194 846 3259 idem
864 3202 898 3258 et
915 3194 1097 3279 philosophi
1117 3194 1243 3259 faciunt

82 3305 117 3359 et
138 3317 207 3381 ego,
226 3305 265 3360 ut
281 3297 383 3381 potui,
402 3297 472 3362 feci.
517 3297 567 3361 Tu
589 3306 701 3362 autem
723 3297 810 3382 quod
830 3297 965 3383 quaeris
986 3296 1136 3361 similiter
1156 3286 1242 3375 facis,

81 3424 120 3465 ac
144 3402 173 3464 si
199 3423 252 3466 me
275 3423 376 3486 roges,
399 3424 456 3466 cur
483 3411 518 3467 te
540 3402 666 3467 duobus
690 3411 846 3467 contuear
869 3402 969 3467 oculis
995 3410 1028 3466 et
1051 3423 1117 3465 non
1141 3401 1242 3467 altero

81 3504 257 3580 ooniacum,
280 3526 354 3568 cum
380 3505 468 3569 idem
494 3527 559 3569 uno
585 3505 713 3589 assequi
740 3505 868 3589 possim.
919 3504 976 3570 IV.
1022 3504 1107 3568 Tum
1133 3503 1272 3585 Cottae

134 3715 149 3761 1
161 3714 477 3777 fundamenta—ciuitatis
495 3731 547 3767 om.
559 3715 591 3764 Α]
605 3716 682 3780 (from
698 3713 940 3779 homoeoteleuton).
1030 3716 1045 3763 3
1057 3717 1181 3777 potuisset
1198 3721 1238 3778 1v,

78 3795 223 3856 potuissent
234 3793 258 3842 X
269 3794 327 3844 Oxi.
338 3795 444 3851 BOU÷.
510 3798 527 3845 4
543 3812 587 3859 epo
597 3797 719 3847 Laotsnt.
731 3811 754 3845 11
765 3798 789 3857 6,
805 3812 863 3858 erpo
873 3795 897 3844 X
909 3796 1092 3857 Mus.‚om.'1“.
1159 3796 1241 3847 trad·

17 3925 19 3930 Α
83 3875 503 3936 nita,naot.1.o.addsrauonn
518 3886 562 3928 eet.
671 3880 701 3927 ll
719 3881 815 3928 Bulbus
830 3880 873 3927 sed
889 3885 1009 3941 exspecto,
1025 3876 1085 3927 here
1100 3878 1129 3927 P.
1141 3879 1238 3940 begins.

85 3959 116 4007 14
133 3960 207 4008 exuri
216 3958 304 4011 m
315 3960 385 4018 Oxf„
394 3964 463 4011 exire
472 3961 629 4012 vaUr
640 3960 712 4020 Reti„
722 3962 782 4010 exui
794 3965 838 4017 00,
854 3961 931 4008 aniani
942 3973 1020 4008 anon.
1031 3974 1071 4022 ap.
1085 3960 1150 4009 Dav.
1163 3960 1242 4012 Cobet

87 4043 159 4091 111..
173 4040 208 4105 (p.
221 4041 280 4108 463)
293 4041 354 4092 Sch.
366 4042 410 4093 Or.
422 4043 481 4105 Ba,
495 4046 551 4093 enti
563 4043 674 4104 Walker‚
688 4044 772 4093 excuti
783 4040 875 4091 Lamb.
890 4041 954 4103 Mu,
968 4055 1011 4091 see
1023 4040 1122 4090 Gomm.
1209 4043 1241 4091 21

84 4124 152 4184 quod
167 4124 197 4172 in
211 4124 264 4172 ratu
277 4125 420 4186 partitione
437 4123 532 4173 Heind.
545 4124 587 4175 Or.
602 4124 655 4176 Mu.
672 4122 740 4182 Seh„
754 4124 821 4185 quod
831 4122 993 4185 perspicuam
1010 4122 1038 4170 in
1054 4122 1129 4170 istum
1143 4131 1242 4185 partem

28 4196 34 4207 ’
85 4219 136 4254 uae
153 4204 209 4269 (Ba.
228 4204 297 4255 alter
310 4205 374 4256 Dav.
391 4206 510 4255 brackets
523 4205 756 4270 persp-purtem),
774 4221 830 4255 cnm
844 4206 921 4254 ntum
933 4211 1033 4266 partem
1049 4203 1140 4256 Forch.
1158 4220 1184 4267 p.
1201 4208 1241 4257 52.

84 4288 117 4336 25
122 4302 207 4350 posses
217 4285 271 4349 [V²]
281 4286 338 4337 Oxl.
347 4292 392 4345 to,
401 4289 483 4350 possis
492 4287 689 4349 ABOEPVlBH,
696 4269 767 4351 ponde
776 4286 863 4337 VAsc.
925 4288 957 4336 27
966 4287 1032 4348 quod
1041 4289 1140 4349 qnaeris
1147 4287 1242 4341 XUBM

86 4368 271 4424 Oxf.÷Forch.
285 4383 313 4431 p.
325 4370 366 4432 25,
380 4371 425 4432 qui
436 4371 466 4419 id
476 4386 501 4433 q.
515 4375 547 4434 V1
563 4370 642 4422 Herv.
654 4367 720 4419 Dav.
736 4368 780 4419 Or.
795 4370 843 4419 Bu.
861 4368 921 4419 Sch.
937 4368 992 4418 Mu.
1004 4369 1087 4428 Allan,
1100 4373 1163 4435 quid
1174 4388 1198 4435 q.
1211 4378 1238 4424 V.

88 4453 120 4502 29
143 4453 273 4503 coniveant
296 4451 354 4502 edd.
373 4452 441 4503 after
459 4451 545 4504 Madv.
569 4452 600 4504 cf.
624 4452 704 4529 below
725 4453 764 4514 14,
787 4457 869 4505 contin
888 4455 914 4514 Τ,
940 4458 974 4505 tn
991 4458 1034 4515 to,
1054 4461 1173 4504 contuear
1194 4468 1243 4503 uss

1073 4556 1155 4616 1-2
