3109 5050
359 458 426 512 nra.
442 458 485 511 m
507 460 581 513 clr.
596 457 839 513 xxm-xxm
861 437 902 532 ἕξ
925 441 1063 514 69-73.
1243 437 1284 508 29

121 602 224 690 guina
243 604 400 670 Centauri
422 607 559 673 tinctam
583 607 682 685 dedit,
696 629 757 672 nec
777 605 928 693 prodesse
950 601 1095 670 Pheraeo
1116 603 1230 669 Jasoni
1249 603 1285 680 is,

122 708 182 792 qui
210 707 320 792 gladio
344 709 504 774 vomicam
534 711 605 796 ejus
635 711 773 796 aperuit,
802 732 902 797 quam
931 730 1045 774 sanare
1074 707 1192 772 medici
1221 729 1286 771 non

122 820 309 898 potuerant.
352 813 452 879 Multi
476 814 562 879 enim
586 823 629 893 et,
651 838 726 880 cum
749 816 860 881 obesse
882 815 1013 892 vellent,
1031 813 1222 899 profuerunt
1243 819 1286 889 et,

122 936 200 978 cum
227 915 385 1000 prodesse,
412 915 595 983 obfuerunt.
650 919 705 982 Ita
728 941 793 983 non
816 917 855 982 fit
877 940 917 982 ex
939 939 987 996 eo,
1012 916 1098 1001 quod
1120 916 1225 992 datur,
1247 925 1286 979 ut

90 1043 106 1102 5
124 1020 277 1089 voluntas
297 1021 376 1107 ejus,
391 1022 448 1108 qui
465 1022 600 1101 dederit,
615 1032 782 1109 appareat,
796 1045 866 1102 nec,
881 1023 909 1087 si
924 1022 959 1096 is,
977 1021 1035 1108 qui
1054 1020 1188 1106 accepit,
1202 1020 1286 1085 bene

123 1125 241 1203 utitur,
265 1125 383 1190 idcirco
405 1125 441 1203 is,
465 1126 522 1212 qui
544 1127 644 1204 dedit,
667 1127 771 1192 amice
798 1126 897 1191 dedit.
943 1125 1036 1206 Quae
1060 1124 1148 1188 enim
1174 1122 1284 1198 libido,
1300 1133 1337 1192 71

121 1250 210 1313 quae
225 1229 371 1308 avaritia,
387 1230 474 1314 quod
488 1231 613 1296 facinus
627 1239 686 1296 aut
701 1229 877 1317 suscipitur
892 1229 955 1295 nisi
970 1228 1101 1294 consilio
1118 1235 1213 1312 capto
1228 1235 1287 1291 aut

121 1332 195 1398 sine
210 1333 313 1397 animi
328 1341 420 1398 motu
435 1343 471 1399 et
485 1333 690 1419 cogitatione,
706 1334 739 1398 id
755 1342 805 1399 est
820 1333 954 1411 ratione,
965 1331 1154 1419 perficiturl
1197 1331 1286 1394 Nam

123 1436 230 1501 omnis
256 1437 365 1523 opinio
393 1436 481 1527 ratio
500 1446 561 1515 est,
588 1447 623 1504 et
648 1437 783 1523 quidem
808 1437 894 1502 bona
920 1435 1011 1515 ratio,
1037 1435 1065 1500 si
1088 1458 1173 1514 vera,
1200 1434 1286 1498 mala

67 1565 109 1603 10
123 1545 247 1614 autem,
263 1537 291 1601 si
305 1537 388 1601 falsa
402 1545 453 1601 est
472 1536 590 1623 opinio
637 1537 703 1602 Sed
726 1560 746 1600 a
767 1536 829 1601 deo
851 1543 982 1601 tantum
1004 1535 1164 1600 rationem
1186 1533 1285 1598 babe-

123 1663 209 1719 mus,
223 1641 251 1706 si
265 1641 362 1706 modo
376 1630 544 1720 habemus,
558 1643 678 1706 bonam
693 1649 806 1706 autem
820 1640 981 1705 rationem
1001 1648 1059 1705 aut
1078 1662 1144 1704 non
1166 1639 1285 1704 bonam

123 1768 145 1810 a
162 1745 264 1810 nobis.
308 1747 387 1834 Non
409 1746 505 1824 enim,
521 1754 559 1811 ut
580 1746 816 1832 patrimonium
838 1735 1044 1830 relinquitur,
1063 1743 1108 1809 sic
1130 1743 1212 1809 ratio
1235 1750 1286 1808 est

123 1847 253 1912 homini
274 1848 432 1914 beneficio
454 1839 589 1914 deorum
614 1849 700 1914 data
745 1847 832 1928 Quid
859 1847 947 1912 enim
968 1847 1078 1933 potius
1099 1846 1286 1912 hominibus

124 1951 299 2030 dedissent,
322 1953 350 2017 si
372 1953 412 2016 iis
433 1975 548 2018 nocere
570 1953 770 2017 voluissent?
815 1951 1003 2036 Injustitiae
1025 1959 1146 2028 autem,
1167 1950 1286 2022 intem·

67 2086 106 2145 15
123 2055 302 2141 perantiae,
317 2055 506 2121 timiditatis
526 2078 610 2142 quae
630 2055 756 2120 semina
774 2064 891 2132 essent,
907 2054 936 2120 si
950 2055 1001 2119 his
1016 2054 1106 2119 vitiis
1123 2053 1207 2118 ratio
1220 2075 1286 2118 non

123 2159 295 2226 subesset?

191 2264 318 2330 XXIX.
364 2263 482 2328 Medea
499 2263 595 2328 modo
611 2271 644 2329 et
659 2263 782 2328 Atreus
802 2262 1137 2329 commemorabantur
1151 2285 1171 2326 a
1185 2261 1287 2338 nobis,

122 2367 273 2434 heroicae
303 2389 468 2453 personae,
495 2366 580 2432 inita
608 2367 832 2454 subductaque
861 2367 986 2432 ratione
1016 2366 1140 2431 nefaria
1168 2365 1288 2431 scelera

123 2471 330 2554 meditantes.
376 2470 463 2552 Quid
475 2475 498 2538 2·
515 2471 666 2561 levitates
687 2471 828 2538 conuoae
849 2494 1009 2558 parumne
1031 2491 1158 2557 semper
1180 2469 1215 2535 in
1237 2491 1287 2535 ra·
1301 2478 1339 2538 77

66 2604 108 2641 20
123 2575 216 2640 tione
230 2580 422 2640 versantur?
444 2597 601 2660 parumne
616 2575 781 2641 subtiliter
796 2575 945 2661 disputat
959 2575 1014 2641 ille
1030 2574 1065 2639 in
1080 2572 1265 2640 Eunucho?

197 2703 284 2771 Quid
302 2704 410 2775 igitur
427 2703 570 2759 faciam?
572 2745 638 2759 ......

198 2792 365 2864 Exclusit,
385 2797 539 2861 revocat;
566 2794 717 2849 redeaml
742 2811 818 2863 non,
838 2794 866 2848 si
887 2810 936 2849 me
955 2793 1114 2851 obsecret

123 2915 188 2980 Ille
202 2937 278 2980 vero
294 2916 330 2981 in
345 2916 550 3002 Synephebis
564 2916 833 2983 Academicorum
843 2938 937 2981 more
952 2925 1064 2982 contra
1082 2939 1286 2983 communem

125 3018 313 3105 opinionem
327 3042 393 3084 non
408 3020 539 3085 dubitat
553 3042 697 3106 pugnare
712 3021 846 3099 ratione,
862 3021 919 3107 qui
934 3020 990 3085 ‘in
1005 3044 1129 3087 amore
1144 3045 1287 3087 summo

67 3149 106 3208 ²5
124 3128 349 3208 summaque
365 3122 626 3209 inopiasuave
641 3121 740 3189 esse'
755 3124 835 3189 dicit
934 3138 935 3141 ’

196 3254 371 3322 parentem
390 3250 511 3306 habere
532 3269 676 3323 avarum,
698 3253 887 3324 illepidum,
907 3253 942 3308 in
962 3252 1087 3313 liberos

198 3336 386 3404 difficilem,
401 3336 464 3407 'qui
484 3340 518 3391 te
539 3354 599 3392 nec
619 3340 708 3392 amet
726 3339 786 3392 nec
805 3337 943 3392 studeat
962 3338 1020 3395 tui.

124 3459 240 3543 Atque
254 3457 332 3523 huic
346 3458 530 3524 incredibili
544 3460 727 3525 sententiae
741 3459 941 3525 ratiunculas
956 3459 1119 3545 suggerit:
1303 3468 1341 3527 73

198 3581 259 3633 aut
277 3581 315 3633 tu
335 3578 433 3634 illum
453 3579 568 3634 fructu
586 3580 688 3635 fallas
708 3582 767 3635 aut
787 3597 846 3651 per
864 3579 1002 3634 litteras

67 3695 109 3751 30
198 3669 333 3721 avertas
354 3666 493 3738 aliquod
512 3684 631 3723 nomon
650 3670 710 3723 aut
727 3684 786 3739 per
805 3667 973 3722 servolum

125 3816 172 3868 eat,
192 3816 217 3858 et
233 3810 334 3872 quidem
352 3811 415 3859 borsa
430 3812 506 3869 ratio,
524 3814 548 3861 si
564 3827 634 3871 vero,
651 3813 721 3862 arula
737 3818 829 3871 autem,
846 3814 870 3861 si
881 3814 955 3875 salae
971 3818 1008 3861 est
1024 3813 1118 3875 optato.
1153 3812 1204 3861 Sed
1216 3828 1233 3861 a
1243 3813 1288 3862 deo

126 3899 226 3942 tantum
236 3893 361 3941 rationem
373 3894 495 3955 habeam
504 3894 528 3943 si
539 3896 609 3943 modo
621 3895 746 3952 habemus,
755 3896 844 3945 borram
854 3900 938 3943 actem
948 3895 1073 3943 reticerem
1083 3898 1190 3942 autnon
1200 3894 1288 3943 mnam

124 3992 143 4025 a
155 3977 236 4025 nobb.
335 3976 367 4025 23
383 3991 440 4025 cam
450 3979 475 4026 ei
486 3990 535 4025 uss
545 3977 683 4039 generally,
695 3979 738 4027 cui
749 3976 797 4029 OB.

177 4056 191 4104 1
208 4058 299 4107 Jasoni
310 4058 333 4107 is
344 4060 391 4121 qai
402 4058 512 4123 [ABGP]
523 4060 592 4117 Oxf„
604 4062 705 4123 jesema
717 4062 761 4123 qui
772 4059 829 4110 EV.
934 4061 949 4111 7
965 4065 1011 4109 cut
1021 4060 1168 4123 suscipitur,
1181 4059 1286 4122 suscipi·

126 4144 171 4188 tur
186 4137 246 4188 Scb.
346 4138 378 4187 14
394 4140 527 4201 aedium,
542 4142 582 4190 dii
594 4142 719 4191 dedissent
729 4140 759 4191 B.
863 4140 893 4189 15
910 4142 933 4188 si
949 4140 989 4189 his
1005 4137 1288 4201 [BnP]‚sianv1,a·

124 4222 160 4269 iio
176 4218 239 4269 ΟΨ.
348 4220 380 4272 17
396 4222 487 4271 Medea
498 4222 543 4285 [X]
555 4223 613 4273 Oxf.
625 4228 652 4285 0,
666 4225 749 4273 media
760 4222 830 4281 Vni,
844 4223 960 4285 see567.
1069 4224 1287 4274 commemoratae

125 4311 169 4353 tur
180 4301 232 4365 [A],
243 4304 478 4352 commorabatur
488 4302 601 4353 130an
613 4304 671 4355 Oxf.
773 4305 804 4356 19
821 4306 936 4367 comicae,
947 4304 1037 4354 cornice
1045 4303 1094 4354 GV.
1194 4321 1289 4371 semper

125 4399 176 4435 uss
190 4384 329 4447 Sebllu,
342 4400 415 4447 saepe
433 4385 536 4437 Or.Ba.
550 4386 617 4436 after
630 4386 717 4438 Madv.
731 4401 774 4437 see
790 4387 892 4438 comm.
990 4387 1022 4438 77
1038 4402 1083 4437 uec
1098 4395 1164 4438 ornet
1178 4388 1289 4441 ΒΡΔηη

123 4467 192 4527 Oxi„
203 4468 291 4517 necari
302 4474 327 4517 et
338 4467 436 4517 OEV¹B
447 4468 500 4518 and
510 4468 636 4533 probably
646 4470 686 4522 Al.
788 4472 820 4521 28
836 4470 991 4528 incredibili,
1003 4471 1162 4521 incredibilis
1173 4471 1205 4521 A.
