3109 5050
365 421 430 477 ma.
445 426 487 473 111
510 421 584 475 cnr.
599 421 832 474 xxrx-xxxr
853 403 892 495 ἓξ
914 405 1054 481 73-76.
1246 407 1286 474 31

120 589 182 652 pro
203 567 298 646 socio,
313 565 459 645 fiduciae,
474 565 609 651 reliqua,
624 589 708 652 quae
723 590 764 633 ex
778 574 890 653 empto
909 574 968 633 aut
983 566 1115 632 vendito
1136 573 1194 632 aut
1215 588 1289 632 con-

121 669 224 736 ducto
238 677 298 735 aut
312 671 416 736 locato
430 678 543 735 contra
557 670 656 734 fidem
671 670 774 752 fiunt;
794 671 870 737 inde
881 670 1045 756 judicium
1061 671 1229 758 publicum
1240 671 1289 736 rei

122 773 272 858 privatae
287 774 359 859 lege
374 773 560 854 Plaetoria3
587 773 664 838 inde
682 774 897 840 everriculum
914 773 1110 839 malitiarum
1134 773 1290 852 omnium,

117 876 286 962 judicium
313 877 354 942 de
380 876 454 942 dolo
480 877 576 956 malo,
603 877 690 962 quod
714 877 749 943 Ο.
773 876 951 962 Aquillius,
978 876 1144 942 familiaris
1170 886 1289 955 noster,

90 981 284 1066 sprotulit3
309 1003 408 1066 quem
431 980 543 1046 dolum
566 980 654 1048 idem
676 981 844 1067 Aquillius
866 990 937 1048 tum
961 981 1066 1048 teneri
1087 990 1193 1067 putat,
1215 1004 1289 1047 cum

124 1084 218 1150 aliud
242 1086 286 1150 sit
305 1085 506 1162 simulatum,
527 1086 619 1150 aliud
640 1093 760 1152 actum.
806 1087 902 1151 Hanc
925 1085 1026 1171 igitur
1047 1094 1175 1151 tantam
1197 1108 1218 1150 a
1239 1085 1290 1150 dis
1302 1087 1342 1146 75

125 1188 368 1254 immortalibus
390 1189 586 1255 arbitramur
609 1188 765 1254 malorum
787 1189 960 1254 sementim
981 1210 1049 1253 esse
1067 1189 1208 1253 factaml
1253 1187 1290 1254 Si

124 1291 217 1354 enim
236 1291 398 1357 rationem
419 1291 606 1357 hominibus
621 1291 655 1355 di
671 1290 842 1370 dederunt,
858 1289 1019 1354 malitiam
1038 1290 1217 1368 dederunt;
1241 1296 1291 1354 est

124 1393 218 1457 enim
244 1393 371 1458 malitia
395 1401 527 1459 versuta
549 1401 584 1458 et
605 1393 704 1457 fallax
726 1392 811 1457 ratio
832 1390 988 1470 nocendi3
1020 1391 1108 1456 idem
1132 1390 1234 1456 etiam
1256 1389 1290 1454 di

70 1515 111 1553 10
124 1495 278 1560 fraudem
298 1497 468 1575 dederunt,
482 1497 608 1562 facinus
625 1505 807 1582 ceteraque,
825 1518 964 1581 quorum
987 1495 1070 1559 nihil
1090 1518 1149 1561 nec
1171 1494 1291 1580 suscipi

125 1600 200 1665 sine
220 1600 346 1665 ratione
369 1622 429 1666 nec
450 1601 535 1666 effici
555 1609 672 1687 potest.
718 1599 912 1666 ‘Utinam’
936 1600 1047 1688 igitur,
1069 1609 1108 1665 ut
1130 1601 1188 1666 illa
1208 1622 1291 1664 anus

127 1713 234 1790 optat,

494 1828 533 1866 ne
550 1810 586 1865 in
604 1827 739 1866 nemore
757 1809 851 1864 Pelio
869 1809 1047 1865 securibus

281 1913 376 1951 caesa
392 1896 582 1952 accedisset
598 1895 739 1968 abiegna
756 1896 797 1952 ad
814 1900 938 1952 terram
955 1896 1077 1964 trabes,

73 2042 112 2102 15
128 2020 176 2086 sic
192 2020 291 2086 istam
309 2021 522 2088 calliditatem
543 2022 731 2088 hominibus
746 2023 780 2087 di
795 2044 837 2088 ne
852 2022 1036 2089 dedissent!
1058 2045 1124 2109 qua
1138 2022 1291 2109 perpauci

126 2126 213 2191 bene
228 2134 378 2205 utuntur,
393 2127 450 2212 qui
465 2136 577 2193 tamen
591 2128 655 2214 ipsi
670 2150 767 2214 saepe
783 2151 803 2193 a
817 2128 902 2193 male
918 2129 1088 2194 utentibus
1103 2128 1290 2213 opprimun-

127 2236 192 2307 tur,
222 2229 476 2295 innumerabiles
511 2240 623 2296 autem
656 2231 803 2316 improbe
835 2239 983 2309 utuntur,
1012 2238 1051 2295 ut
1080 2231 1202 2295 donum
1231 2229 1292 2294 hoc

128 2332 279 2398 divinum
308 2333 443 2398 rationis
467 2342 503 2399 et
531 2334 656 2399 consilii
682 2335 723 2399 ad
753 2335 902 2401 fraudem
932 2333 1126 2410 hominibus,
1155 2355 1220 2398 non
1249 2332 1291 2397 ad

127 2438 313 2504 bonitatem
328 2439 533 2525 impertitum
549 2461 619 2505 esse
633 2439 792 2506 videatur.

71 2573 115 2611 20
195 2543 323 2609 XXXI.
354 2543 420 2609 Sed
434 2544 558 2630 urgetis
573 2545 753 2610 identidem
768 2544 940 2610 hominum
955 2566 1025 2610 esse
1040 2543 1137 2609 istam
1154 2543 1291 2629 culpam,
1305 2554 1343 2613 76

128 2670 196 2713 non
218 2648 372 2729 deorum;
395 2656 431 2713 ut
453 2649 481 2713 si
501 2648 647 2714 medicus
667 2648 861 2734 gravitatem
883 2648 995 2727 morbi,
1010 2648 1208 2734 gubernator
1224 2647 1292 2712 vim

127 2752 337 2837 tempestatis
362 2760 512 2830 accirset3
548 2751 611 2817 etsi
636 2752 673 2815 hi
698 2752 832 2837 quidem
856 2752 1056 2830 homunculi,
1084 2752 1153 2835 (sed
1180 2760 1291 2817 tamen

128 2853 276 2919 ridiculi:
298 2855 371 2940 quis
389 2855 477 2920 enirn
493 2864 528 2919 te
542 2855 754 2933 adhibuisset,
769 2855 888 2920 dixerit
908 2856 1081 2941 quispiam,
1095 2854 1122 2919 si
1143 2855 1206 2920 ista
1225 2877 1292 2919 non

129 2958 276 3041 essenti)
298 2964 411 3022 contra
440 2958 538 3022 deum
565 2957 643 3023 licet
671 2957 839 3042 disputare
865 2957 1006 3023 liberius.
1051 2957 1092 3021 In
1122 2958 1292 3023 hominum

34 3105 37 3109 -
73 3081 114 3142 ²5
129 3060 221 3125 vitiis
235 3062 283 3125 ais
296 3082 365 3126 esse
380 3062 519 3146 culpam.
563 3062 647 3125 Eam
662 3060 805 3126 dedisses
821 3061 1009 3126 hominibus
1024 3060 1193 3141 rationem,
1208 3084 1292 3148 quae

129 3166 214 3231 vitia
231 3164 426 3251 culpamque
444 3164 641 3231 excluderet.
685 3164 755 3229 Ubi
776 3164 879 3250 igitur
901 3165 990 3229 locus
1011 3164 1075 3231 fuit
1097 3165 1196 3230 errori
1217 3166 1292 3231 deo-

181 3353 196 3401 1
213 3354 332 3402 conducto
343 3352 412 3413 Oxi,
429 3354 536 3403 cedato
547 3352 601 3403 AV.
726 3354 742 3402 3
758 3354 890 3403 Plaetorio
905 3351 963 3403 edd.
980 3352 1047 3403 aiter
1062 3352 1167 3412 Heind,
1185 3355 1293 3405 &semna

129 3432 206 3494 BPV,
227 3435 319 3483 istorio
329 3432 477 3495 ΑΟΒῙΔΗ,
492 3435 586 3483 latoria
598 3432 668 3491 011,
681 3434 774 3482 istoria
785 3432 816 3493 Ε,
836 3434 940 3481 tectoria
951 3436 994 3483 NV
1000 3446 1033 3486 †.
1136 3437 1150 3485 7
1166 3437 1294 3485 sementim

130 3514 226 3575 nBcs,
233 3522 362 3565 seranum
369 3514 414 3564 PV
423 3514 493 3573 Βοὴ,
501 3522 635 3564 sementum
643 3514 675 3565 E.
750 3516 766 3565 9
783 3516 851 3564 ratio
862 3516 975 3576 sucendi,
985 3517 1088 3564 nocendi
1099 3517 1167 3565 ratic
1178 3515 1223 3565 Ur
1232 3516 1292 3567 Sch.

132 3599 164 3648 14
180 3612 256 3647 caesa
271 3598 407 3647 accednset
423 3595 538 3646 Ribbeck
553 3596 618 3659 frag.
635 3594 712 3659 pix,
729 3595 831 3645 Vahlen
848 3598 916 3646 Enn.
934 3611 959 3659 p.
978 3598 1033 3656 124,
1051 3596 1172 3647 Weidner
1188 3613 1223 3647 on
1239 3597 1293 3648 (lic.

131 3683 231 3730 Inuca.
252 3680 322 3737 191,
341 3694 428 3730 casseu
448 3680 600 3729 accidissent
619 3678 745 3730 nonso
767 3678 826 3729 Oxi.
845 3679 900 3728 Mu.
920 3677 977 3743 (but
996 3678 1025 3728 in
1044 3680 1108 3730 1884
1126 3679 1160 3729 he
1177 3680 1246 3742 gives
1264 3679 1293 3729 in

130 3764 243 3811 Hercnn.
256 3776 278 3810 11
289 3762 321 3809 22
332 3763 346 3822 ἕ
357 3762 390 3809 34
401 3776 475 3811 caeso
485 3759 640 3824 accedisset),
652 3776 722 3810 caess
733 3762 886 3811 accidissent
896 3760 929 3809 Bl
941 3760 983 3827 (Β2
997 3760 1045 3811 has
1056 3764 1154 3823 occid),
1166 3778 1219 3813 cese
1231 3766 1292 3813 ceci-

132 3845 229 3894 dissent
245 3843 268 3891 E
287 3842 325 3909 (in
340 3844 398 3893 Fac.
419 3844 451 3892 35
468 3842 504 3892 all
524 3856 574 3892 uss
592 3841 660 3891 have
674 3857 769 3903 caesae,
789 3841 876 3892 Vhas
890 3845 1050 3902 accedissent,
1069 3843 1101 3892 A1
1118 3846 1291 3905 ceccedisscnt,

130 3924 188 3975 ΜΒ
199 3924 356 3986 cecidissent,
369 3922 417 3973 bnt
429 3923 451 3972 B
463 3922 513 3973 has
523 3940 549 3974 ee
561 3922 590 3973 in
600 3937 668 3985 ταις
684 3923 714 3972 in
725 3925 837 3979 Herenn.
856 3923 892 3973 all
903 3922 960 3985 give
971 3939 1058 3974 conce
1069 3924 1132 3975 with
1143 3940 1173 3974 or
1183 3925 1293 3977 without

131 4006 302 4070 diphthongo,
318 4005 345 4055 H
362 4004 412 4056 has
431 4008 592 4068 accedissent,
611 4005 634 4054 B
652 4006 812 4067 ocndbsent,
829 4004 874 4055 the
888 4007 941 4055 rest
956 4007 1121 4070 cecidissent),
1139 4022 1213 4057 coeca
1227 4010 1292 4059 ccci-

131 4091 211 4140 disset
222 4088 304 4139 Varro
315 4089 347 4137 L.
359 4089 391 4138 L.
402 4102 440 4137 vn
451 4090 492 4146 33,
503 4085 621 4137 Priscian
632 4102 670 4135 vn
681 4089 704 4138 8.
718 4087 751 4136 41
764 4086 858 4149 (where
869 4086 914 4137 tho
925 4087 982 4137 bost
998 4101 1047 4137 uss
1063 4087 1130 4138 have
1146 4091 1292 4154 accedisset)

131 4170 228 4223 Heind.
243 4171 288 4221 Or.
299 4169 347 4219 Ba.
360 4169 420 4221 Sch.
431 4169 461 4219 L
476 4168 571 4219 Miiller
587 4171 665 4230 (Enn.
678 4182 704 4230 p.
717 4168 784 4230 144),
798 4184 872 4217 caeso
887 4170 1018 4241 cecidisset
1035 4170 1095 4219 Asc.
1107 4169 1186 4220 Herv.
1197 4172 1289 4225 Lamb.

131 4256 243 4316 ebiepns
253 4253 312 4303 Asc.
324 4258 356 4318 v1
367 4251 448 4301 Varro
458 4253 504 4301 dc.
516 4266 544 4301 as
556 4251 644 4310 above,
657 4253 778 4312 chicmae
789 4255 884 4313 tntvo,
899 4252 989 4312 cbiyne
1006 4250 1038 4309 X,
1056 4254 1160 4314 obiectu
1177 4253 1211 4317 by
1227 4269 1292 4305 corr.

130 4338 162 4401 B,
176 4340 210 4389 ct
221 4340 280 4400 ipsc
291 4335 350 4387 Oxi.
364 4339 411 4386 Bo.
510 4335 542 4383 22
559 4335 608 4384 etsi
619 4335 647 4383 ti
658 4334 746 4397 [BPV]
758 4333 815 4385 Osi.
830 4338 865 4395 Μ,
884 4341 908 4383 et
922 4334 973 4383 sibi
986 4333 1058 4397 Aes,
1071 4336 1118 4385 etsi
1128 4334 1160 4389 Ε.
1261 4340 1294 4389 25

131 4422 245 4471 danaes
256 4417 315 4468 Oxi.
327 4421 366 4467 Bo
377 4415 495 4479 [AOPV],
508 4417 606 4485 dedisse
617 4416 639 4463 B
652 4414 748 4479 (before
758 4418 871 4481 erasure)
883 4416 938 4466 ΕΗ.
